1492 2469
171 236 221 272 42
669 234 706 266 C.
731 234 860 266 PLINI

129 342 150 373 9
171 338 280 376 nulla
324 338 535 390 pulchrior,
584 338 692 376 nulla
738 338 908 388 denique
963 338 1180 377 humanior.
1256 338 1364 377 dices

173 407 181 423 ‘
194 402 320 442 habeo
338 403 402 441 hic
422 416 520 453 quos
539 402 666 453 legam
695 416 775 440 non
803 402 933 440 minus
954 402 1152 442 desertos.'
1219 403 1361 442 etiam:

171 467 240 506 sed
259 467 414 518 legendi
444 481 597 518 semper
625 467 774 506 occasio
803 472 872 515 est,
895 468 1080 506 audiendi
1099 482 1178 507 non
1197 482 1363 519 semper.

172 537 373 583 praeterea
409 532 535 571 multo
568 533 704 583 magis,
739 538 783 570 ut
816 532 933 583 vulgo
968 532 1122 579 dicitur,
1158 533 1247 571 viva
1284 546 1363 571 vox

172 597 314 636 adficit.
391 611 483 635 nam
515 597 607 636 licet
645 597 795 635 acriora
832 598 912 635 sint
950 610 1050 647 quae
1087 597 1204 648 legas,
1244 596 1363 635 altius

172 668 306 700 tamen
343 662 385 700 in
423 663 554 700 animo
589 662 727 700 sedent
765 676 864 713 quae
898 662 1180 712 pronuntiatio,
1216 661 1362 708 vultus,

116 724 154 754 10
173 727 344 773 habitus,
357 732 491 778 gestus
506 727 625 765 etiam
645 727 811 765 dicentis
827 727 963 778 adfigit
978 742 987 774 3
1016 727 1092 765 nisi
1111 740 1204 766 vero
1223 727 1364 765 falsum

173 797 358 843 putamus
391 792 490 830 illud
524 792 744 839 Aeschinis,
779 793 847 842 qui
880 806 967 830 cum
1005 792 1163 843 legisset
1199 791 1367 830 Rhodiis

173 857 392 895 orationem
408 857 687 895 Demosthenis
702 857 989 895 admirantibus
1005 857 1166 903 cunctis,
1181 856 1365 895 adiecisse

174 922 301 960 fertur
332 921 373 958 τί
404 920 453 967 δὲ,
489 921 518 957 εἰ
552 920 666 958 αὐτοῦ
699 921 766 958 τοῦ
798 921 929 970 θηρίου
961 920 1172 970 ἠκούσατε;
1210 926 1250 959 et.
1283 926 1366 959 erat

175 986 400 1034 Aeschines,
423 985 455 1023 si
476 986 734 1024 Demostheni
755 985 960 1033 credimus,
983 984 1367 1034 λαμπροφωνότατος,

173 1051 373 1090 fatebatur
397 1055 530 1088 tamen
556 1050 672 1101 longe
691 1050 830 1088 melius
851 1050 987 1088 eadem
1006 1049 1074 1088 illa
1092 1049 1369 1100 pronuntiasse

117 1119 153 1149 ll
175 1117 303 1167 ipsum
336 1115 404 1166 qui
435 1120 649 1166 pepererat.
721 1128 819 1165 quae
853 1115 985 1153 omnia
1014 1114 1090 1152 huc
1120 1113 1291 1153 tendunt
1322 1119 1371 1152 ut

176 1181 313 1220 audias
332 1180 497 1228 Isaeum,
521 1180 583 1218 vel
603 1180 691 1218 ideo
712 1184 868 1218 tantum
890 1184 934 1217 ut
955 1179 1134 1217 audieris.
1194 1178 1291 1217 vale.

724 1326 818 1364 IIII.

443 1413 476 1443 c.
498 1413 669 1442 PLINIUS
694 1412 907 1442 CALVINAE
933 1412 1041 1441 SUAE
1067 1412 1098 1441 s.

219 1481 354 1512 Calvina
375 1481 439 1510 had
460 1481 650 1517 apparently
664 1480 814 1509 hesitated
834 1479 926 1508 about
947 1480 1088 1513 anterius)
1108 1488 1147 1507 on
1168 1478 1222 1507 her
1236 1476 1372 1514 fatlzer's

176 1533 378 1564 inherz'tance.
405 1531 527 1561 because
547 1532 572 1560 it
593 1540 656 1559 was
678 1530 872 1559 incumbercd
894 1529 931 1566 by
952 1529 1028 1558 dett.
1072 1530 1172 1564 Pliny
1186 1529 1296 1563 writes,
1320 1537 1369 1557 ex-

172 1583 329 1620 plainins)
344 1582 412 1611 that
431 1582 468 1610 he
489 1581 553 1610 had
574 1581 686 1617 bonyht
705 1590 746 1617 up
768 1581 814 1609 all
834 1581 882 1609 the
903 1580 986 1609 debis
1006 1580 1073 1608 and
1095 1580 1165 1608 thus
1185 1579 1298 1608 become
1309 1579 1370 1607 sole

176 1633 321 1667 creditor,
338 1632 406 1660 and
426 1631 502 1660 ends
523 1631 560 1667 by
573 1632 684 1667 telliny
704 1631 759 1659 her
779 1631 828 1660 she
852 1630 925 1659 need
948 1633 999 1658 not
1011 1629 1088 1665 sear
1107 1633 1137 1658 to
1156 1632 1240 1658 enter
1259 1637 1301 1658 οη
1321 1629 1370 1658 the

177 1683 383 1718 inherttance,
397 1691 434 1711 as
446 1682 483 1711 Ize
496 1682 561 1710 will
576 1691 665 1711 cause
680 1682 734 1710 her
744 1679 877 1716 fatlzcr's
888 1680 954 1709 ‹cht
969 1683 998 1708 to
1012 1680 1078 1708 him
1090 1683 1118 1708 to
1133 1680 1164 1709 be
1179 1680 1302 1709 written
1317 1679 1365 1715 off.

142 1767 156 1796 1
232 1759 274 1797 Si
303 1758 482 1809 pluribus
514 1763 626 1808 pater
655 1762 747 1794 tuus
776 1755 839 1794 vel
867 1755 936 1792 uni
965 1754 1125 1792 cuilibet
1155 1754 1222 1792 alii
1253 1767 1370 1805 quam

178 1823 276 1861 mihi
296 1822 508 1869 debuisset,
531 1821 669 1859 fuisset
697 1821 861 1859 fortasse
888 1819 1152 1857 dubitandum
1173 1832 1222 1857 an
1242 1818 1370 1857 adires

138 1895 159 1925 2
178 1887 440 1926 hereditatem
459 1886 579 1924 etiam
598 1885 683 1923 viro
702 1898 872 1935 gravem.
922 1897 1009 1922 cum
1025 1897 1117 1922 vero
1138 1896 1208 1934 ego
1228 1883 1373 1922 duct-us

177 1951 395 1990 adfinitatis
433 1950 558 1988 officio
605 1949 777 1987 dimissis
824 1948 1005 1986 omnibus
1043 1948 1122 1998 qui,
1161 1961 1241 1985 non
1283 1947 1373 1986 dico

177 2015 433 2061 molestiores,
472 2013 541 2053 sed
579 2013 848 2064 diligentiores
895 2016 1007 2050 erant
1053 2012 1224 2050 creditor
1265 2011 1370 2050 solus

177 2079 410 2126 exstiterim,
432 2092 597 2129 cumque
617 2092 688 2129 ego
707 2077 875 2116 nubenti
903 2077 978 2115 tibi
997 2076 1038 2114 in
1057 2076 1192 2115 dotem
1211 2081 1370 2115 centum
