1492 2469
179 211 228 249 56
675 207 712 239 C.
732 206 864 238 PLINI

177 313 463 366 quinquaginta
482 311 591 350 milia
611 311 861 349 denariorum
880 309 1133 360 probabatur,
1154 310 1235 360 ipse
1259 321 1365 359 prae-

176 386 284 417 terea
330 377 522 427 accepisse
570 375 752 414 sestertia
798 374 932 412 decem
978 374 1099 419 milia,
1140 372 1366 412 foedissimo

176 443 336 495 quidem
355 441 485 488 titulo,
508 441 667 479 nomine
695 439 960 489 unguentarii,
983 439 1051 489 qui
1075 438 1215 476 titulus
1239 451 1262 476 a
1285 438 1366 475 vita

175 507 345 547 hominis
372 506 517 556 compti
546 517 698 555 semper
727 509 766 542 et
793 503 983 554 pumicati
1011 517 1091 542 non
1118 502 1362 541 abhorrebat.

117 583 158 613 24
176 572 323 623 placuit
369 576 552 609 censente
600 570 776 608 Cornuto
817 568 954 607 referri
1000 568 1049 606 de
1096 581 1141 606 eo
1186 567 1367 618 proximo

177 641 342 675 senatu:
390 642 485 673 tunc
527 634 644 681 enim,
684 647 775 672 casu
818 646 868 671 an
912 633 1160 679 conscientia,
1204 632 1364 671 afuerat.

117 712 158 742 ‘25
176 701 296 740 habes
333 713 395 738 res
432 699 601 737 urbanas
619 714 629 747 3
671 698 839 736 invicem
877 698 1042 735 rusticas
1080 697 1229 736 scribe:
1273 696 1368 747 quid

177 764 405 804 arbusculae
425 769 525 810 tuae,
549 763 646 814 quid
664 763 813 810 vineae,
836 762 932 813 quid
948 767 1098 813 segetes
1118 767 1252 813 agunt,
1273 761 1369 812 quid

178 844 269 870 oves
303 829 633 868 delicatissimae?
687 828 728 866 in
762 841 925 874 summa,
955 827 1032 865 nisi
1062 840 1184 878 aeque
1212 826 1367 877 longam

178 894 386 946 epistulam
401 893 545 941 reddis,
562 907 642 931 non
659 898 717 930 est
732 892 839 943 quod
854 897 990 943 postea
1004 891 1079 930 nisi
1098 891 1367 930 brevissimam

179 966 374 1010 expectes
429 958 524 996 vale.

727 1101 820 1139 XII.

473 1189 504 1217 c.
527 1188 696 1217 PLINIUS
721 1187 912 1216 ARRIAXO
938 1186 1019 1216 sno
1046 1186 1077 1216 s.

441 1258 470 1284 A
489 1257 591 1285 contin
600 1256 708 1284 station
724 1254 760 1291 of
771 1255 818 1284 tlze
828 1255 999 1291 preceding]
1013 1254 1107 1283 letter.

144 1349 157 1380 1
233 1338 480 1389 Λειτούργιον
499 1337 598 1376 illud
619 1336 726 1387 quod
746 1349 948 1387 superesse
968 1336 1072 1374 Mari
1091 1324 1215 1374 Prisci
1234 1348 1371 1374 causae

178 1403 356 1455 proxime
394 1403 636 1453 scripseram,
676 1401 806 1439 nescio
853 1414 903 1439 an
949 1401 1056 1447 satis,
1100 1400 1371 1439 circumcisum

141 1478 160 1507 ‘2
181 1475 313 1507 tamen
334 1473 373 1506 et
394 1467 577 1506 adrasum
597 1471 666 1504 est.
712 1465 910 1504 Firminus
930 1465 1115 1503 inductus
1134 1464 1176 1503 in
1192 1470 1373 1503 senatum

180 1533 384 1584 respondit
413 1531 567 1570 crimini
598 1536 702 1569 noto.
771 1535 926 1569 secutae
955 1535 1048 1568 sunt
1080 1529 1258 1568 diversae
1291 1543 1374 1567 sen-

182 1599 328 1637 tentiae
358 1597 563 1636 consulum
592 1596 912 1647 designatorum:
942 1594 1142 1633 Cornutus
1175 1594 1374 1632 Tertullus

182 1663 334 1703 censuit
354 1662 491 1701 ordine
507 1660 759 1706 movendum,
783 1659 944 1698 Acutius
960 1659 1095 1697 Nerva
1109 1659 1151 1697 in
1167 1658 1372 1696 sortitione

180 1728 406 1781 provinciae
429 1727 623 1765 rationem
653 1726 735 1764 eius
764 1738 844 1763 non
873 1724 1105 1762 habendam.
1173 1736 1272 1774 quae
1293 1736 1374 1762 sen-

179 1794 305 1833 tentia
334 1798 537 1842 tamquam
565 1791 700 1829 mitior
727 1790 834 1837 vicit,
863 1802 952 1827 cum
980 1789 1032 1827 sit
1062 1788 1209 1838 alioqui
1240 1787 1375 1826 durior

143 1869 162 1900 3
180 1858 420 1908 tristiorque.
491 1855 587 1906 quid
621 1855 727 1893 enim
757 1853 937 1892 miserius
971 1866 1089 1903 quam
1122 1857 1303 1891 exectum
1335 1858 1375 1890 et

181 1927 410 1974 exemptum
447 1920 663 1959 honoribus
700 1918 907 1957 senatoriis
943 1917 1076 1956 labore
1113 1923 1153 1955 et
1197 1916 1375 1955 molestia

181 2002 261 2027 non
299 1988 458 2026 carere?
504 1985 601 2036 quid
638 1984 797 2035 gravius
835 1996 952 2034 quam
998 1987 1112 2021 tanta
1159 1981 1375 2033 ignominia

182 2053 381 2092 adfectum
399 2064 480 2089 non
500 2051 541 2088 in
562 2049 775 2088 solitudine
790 2048 924 2092 latere,
942 2047 1011 2086 sed
1030 2047 1070 2085 in
1091 2046 1163 2085 hac
1183 2046 1375 2085 altissima
