1492 2469
194 238 244 275 20
689 236 726 269 C.
748 237 878 268 PLINI

190 341 382 380 audierim
413 355 640 392 numquam,
672 341 833 392 legerim
863 355 1089 392 numquam.
1158 356 1249 381 nam
1279 356 1378 393 quae

188 405 335 450 audivi,
358 420 457 456 quae
478 406 565 457 legi,
589 412 729 457 sponte
756 412 1000 453 succurrunt,
1023 406 1091 445 sed
1111 411 1223 446 tanto
1243 407 1377 447 dolore

189 477 436 520 superantur.
495 470 592 509 vale.

728 607 842 645 XIII.

386 710 419 740 O.
440 710 610 739 PLINIUS
636 710 754 739 SOSIO
780 710 1008 738 sENECIONI
1033 709 1113 739 SUO
1138 711 1171 740 S.

225 789 324 824 Pliny
336 789 444 824 speaks
458 789 493 825 of
500 789 547 817 clm
561 789 628 817 ricla
641 798 713 824 crop
728 787 763 824 of
771 791 855 824 poets
872 789 967 817 wltz'vlz
984 790 1031 817 tlte
1046 798 1120 824 year
1133 789 1189 818 lias
1199 789 1372 826 produced,

185 838 237 867 bnt
252 839 427 875 complains
442 839 477 875 of
488 839 535 868 the
550 839 560 867 I
565 839 730 868 istlcssnrss
744 838 779 874 of
790 839 871 866 those
888 839 949 866 wlco
965 839 1072 867 attend
1085 839 1167 868 their
1182 840 1373 870 recitations.

127 888 154 909 If

108 924 111 927 ⁴
153 933 160 960 1
237 920 428 972 Magnum
462 928 699 971 proventum
732 926 937 971 poetarum
972 934 1096 959 annus
1130 921 1192 959 hie
1226 922 1371 962 attulit.

184 990 268 1023 toto
297 999 431 1024 mense
459 985 589 1036 Aprili
609 985 739 1023 nullus
764 985 844 1023 fere
871 984 954 1022 dies
980 998 1058 1035 quo
1084 998 1163 1023 non
1189 985 1375 1025 recitaret

183 1049 334 1099 aliquis.
405 1050 516 1087 iuvat
544 1064 604 1087 me
634 1049 740 1100 quod
770 1049 905 1100 vigent
934 1048 1075 1094 studia,
1098 1050 1304 1099 proferunt
1333 1064 1373 1090 se

183 1114 341 1165 ingenia
363 1114 567 1152 hominum
588 1119 627 1152 et
648 1119 862 1161 ostentant,
884 1114 1040 1152 tametsi
1062 1114 1111 1152 ad
1133 1114 1373 1153 audiendum

144 1189 164 1219 :3
182 1179 290 1230 pigre
319 1180 454 1218 coitur.
513 1179 689 1229 plerique
710 1179 750 1216 in
770 1179 1007 1217 stationibus
1037 1179 1177 1217 sedent
1204 1185 1373 1230 tempus-

181 1257 256 1294 que
285 1244 474 1282 audiendi
503 1244 645 1282 fabulis
674 1248 884 1282 conterunt
913 1257 955 1281 ae
984 1243 1151 1282 subinde
1177 1244 1252 1282 sibi
1277 1257 1374 1282 nun-

181 1309 272 1347 tiari
305 1309 445 1347 iubent
479 1322 528 1347 an
562 1309 640 1346 iam
674 1309 859 1347 recitator
889 1308 1108 1356 intraverit,
1144 1322 1194 1346 an
1227 1309 1372 1348 dixerit

181 1373 475 1424 praefationem,
507 1386 556 1411 an
591 1387 639 1411 ex
672 1386 814 1423 magna
843 1377 953 1423 parte
983 1372 1175 1411 evolverit:
1202 1373 1370 1413 librum:

181 1446 274 1477 tunc
312 1438 483 1485 deinum,
520 1452 562 1476 ae
596 1444 691 1476 tunc
725 1451 880 1488 quoque
919 1437 1024 1476 lente
1063 1443 1371 1489 cunctanterque

182 1504 371 1550 veniunt3
418 1517 489 1541 nee
536 1508 668 1541 tamen
715 1508 958 1553 permanent,
998 1502 1066 1541 sed
1113 1508 1205 1542 ante
1252 1504 1367 1543 finem

178 1568 377 1613 recedunt,
400 1568 465 1606 alii
491 1567 786 1606 dissimulanter
812 1572 851 1605 et
875 1567 1022 1613 furtim,
1045 1567 1111 1605 alii
1141 1567 1370 1618 simpliciter

140 1644 159 1673 :3
178 1640 217 1672 et
246 1633 377 1672 libere.
436 1638 476 1671 at
506 1632 675 1671 Hercule
704 1632 892 1670 memoria
920 1637 1128 1682 parentum
1159 1632 1369 1672 Claudium

178 1698 383 1737 Caesarem
410 1698 554 1743 ferunt,
577 1711 665 1735 011111
684 1699 726 1735 in
745 1697 891 1747 palatio
916 1697 1154 1747 spatiaretur
1182 1697 1370 1736 audisset-

177 1777 252 1814 que
290 1763 511 1807 elamorem,
552 1775 709 1800 causam
755 1761 975 1811 requisisse,
1014 1774 1179 1811 eumque
1217 1761 1369 1800 dietum

177 1834 279 1867 esset
317 1829 481 1866 recitare
514 1827 753 1874 Nonianum,
787 1826 962 1864 subitum
998 1826 1180 1864 recitanti
1218 1826 1369 1877 inopin-

138 1899 362 1943 4at11mq11e
392 1892 555 1930 venisse.
626 1904 731 1929 nunc
759 1891 1018 1929 otiosissimus
1047 1891 1212 1941 quisque
1241 1891 1369 1930 multo

176 1963 267 1996 ante
296 1962 456 2007 rogatus
486 1962 525 1994 et
550 1955 769 1994 identidem
798 1955 1024 1993 admonitus
1053 1960 1122 1993 aut
1150 1968 1229 1993 non
1258 1956 1368 1994 venit

176 2028 256 2070 aut,
292 2022 324 2060 si
359 2022 480 2069 venit,
513 2021 692 2071 queritur
720 2033 759 2058 se
791 2020 906 2065 diem,
939 2020 1032 2070 quia
1065 2033 1144 2058 non
1177 2021 1364 2071 perdidit,

137 2097 157 2127 5
179 2086 400 2140 perdidisse.
473 2085 541 2124 sed
574 2090 686 2123 tanto
720 2084 843 2135 magis
876 2083 1065 2122 laudandi
1093 2084 1364 2136 probandique
