1492 2469
198 220 245 256 28
692 218 727 251 C.
750 218 882 250 PLINI

193 335 290 370 meo,
312 322 409 360 mihi
430 323 560 368 etiam,
578 328 771 372 quantum
791 322 932 360 aetatis
952 322 1160 361 diversitas
1179 336 1292 373 passa
1311 328 1380 370 est,

192 386 394 425 familiaris
411 402 420 435 3
460 400 624 437 magnae
659 392 698 424 et
735 399 872 436 graves
911 399 1047 424 causae
1085 400 1153 424 cur
1188 387 1383 437 suscipere

152 462 331 502 {zaugere
366 451 603 501 dignitatem
637 456 747 488 tuam
782 450 956 489 debeam.
1034 464 1115 489 esse
1145 457 1277 489 autem
1309 451 1382 490 tibi

191 521 348 553 centum
376 515 530 552 milium
560 528 719 552 censum
747 515 841 552 satis
870 515 1019 552 indicat
1045 515 1151 565 quod
1177 516 1282 566 apud
1310 529 1382 554 nos

189 579 347 618 decurio
369 593 418 617 es.
477 579 600 629 igitur
620 585 664 616 ut
683 584 723 617 te
750 592 829 616 non
856 579 1064 617 decurione
1094 580 1218 618 solum
1244 594 1380 619 verum

190 644 310 682 etiam
344 644 476 693 equite
506 643 684 681 Romano
714 644 970 694 perfruamur,
1002 645 1121 682 offero
1149 645 1223 683 tibi
1251 645 1297 683 ad
1327 645 1381 683 in-

188 707 352 758 plendas
382 713 582 758 equestres
606 707 812 745 facultates
838 713 1014 746 trecenta
1038 708 1146 746 milia
1164 722 1376 747 nummum.

149 778 226 813 3te
260 785 473 810 memorem
513 771 628 810 huius
666 772 838 810 muneris
876 772 1070 811 amicitiae
1108 779 1264 812 nostrae
1298 773 1380 812 diu-

188 837 360 875 turnitas
400 837 595 887 spondet:
648 850 718 887 ego
756 850 804 874 ne
843 836 941 875 illud
980 837 1138 887 quidem
1176 837 1378 885 admoneo,

188 901 294 951 quod
315 901 525 939 admonere
546 901 741 947 deberem,
759 901 834 939 nisi
855 902 993 940 scirem
1013 908 1153 952 sponte
1173 902 1377 950 facturum,

185 971 230 1003 ut
251 965 446 1016 dignitate
467 979 489 1003 a
513 979 575 1003 me
603 965 696 1003 data
725 979 844 1015 quam
872 966 1171 1012 modestissime,
1193 973 1239 1004 ut
1267 981 1289 1005 a
1317 981 1379 1006 me

146 1041 165 1070 4
185 1030 290 1078 data,
311 1035 434 1068 utare.
508 1043 599 1067 nam
629 1029 833 1068 sollicitius
862 1030 1142 1068 custodiendus
1169 1036 1229 1069 est
1254 1030 1380 1070 honor

185 1096 226 1134 in
247 1109 324 1146 quo
345 1096 465 1134 etiam
486 1095 720 1133 beneficium
740 1095 853 1133 amici
874 1095 1066 1133 tuendum
1086 1101 1156 1134 est.
1214 1096 1311 1135 vale.

736 1248 826 1287 XX.

381 1342 415 1372 o.
432 1341 604 1370 PLINIUS
630 1340 840 1369 CORNELIO
866 1340 1017 1370 TAoITo
1044 1336 1124 1370 suo
1150 1340 1184 1371 s.

221 1417 271 1445 He
285 1415 356 1444 ask-3
377 1415 425 1444 the
445 1415 573 1450 opinion
597 1413 634 1450 of
652 1414 782 1443 Tacitus
795 1422 830 1442 as
844 1416 874 1442 to
888 1413 1020 1443 whether
1034 1413 1082 1443 the
1096 1413 1266 1443 exuberant
1279 1423 1315 1443 or
1328 1414 1377 1444 the

182 1470 257 1496 terse
271 1466 348 1502 style
362 1465 396 1501 of
407 1465 611 1500 composition
627 1464 654 1493 is
666 1463 847 1500 preferable.

145 1562 158 1592 1
234 1549 435 1599 Frequens
466 1547 563 1585 mihi
595 1546 813 1597 disputatio
845 1551 904 1584 est
935 1559 1022 1584 cum
1057 1545 1227 1595 quodam
1258 1545 1374 1584 docto

180 1614 338 1652 homine
359 1617 399 1651 et
418 1612 557 1663 perito,
581 1611 642 1649 cui
668 1611 768 1648 nihil
795 1623 916 1661 aeque
936 1610 977 1648 in
998 1610 1122 1648 causis
1149 1610 1309 1660 agendis
1329 1617 1374 1648 ut

141 1690 161 1720 ς.)
181 1678 353 1717 brevitas
381 1677 523 1727 placet.
589 1688 706 1726 quam
741 1688 811 1725 ego
843 1673 1143 1713 custodiendam
1177 1687 1259 1712 esse
1288 1687 1374 1712 con-

181 1744 303 1789 fiteor,
337 1742 369 1780 si
400 1755 515 1780 causa
545 1740 775 1791 permittat:
816 1738 965 1789 alioqui
998 1738 1281 1788 praevaricatio
1314 1745 1374 1777 est

179 1807 347 1846 transire
363 1805 539 1852 dicenda,
555 1803 837 1855 praevaricatio
854 1803 973 1841 etiam
988 1802 1131 1841 cursim
1144 1807 1184 1840 et
1199 1802 1372 1841 breviter

179 1873 372 1921 attingere
401 1884 500 1921 quae
530 1870 609 1907 sint
638 1867 879 1915 inculcanda,
908 1866 1116 1918 infigenda,
1144 1867 1368 1918 repetenda.

139 1946 160 1977 3
178 1951 269 1975 nam
281 1936 478 1987 plerisque
490 1934 666 1985 longiore
683 1937 853 1971 tractatu
870 1932 929 1970 vis
945 1931 1137 1982 quaedam
1158 1938 1198 1970 et
1217 1932 1371 1982 pondus

178 2002 338 2048 accedit,
371 2006 494 2051 utque
526 1997 677 2049 corpori
703 1997 861 2044 ferrum,
894 1997 947 2036 sic
976 1996 1100 2035 oratio
1130 1997 1262 2035 animo
1290 2010 1369 2035 non

138 2076 158 2105 4
177 2068 258 2106 ictu
286 2065 411 2117 magis
440 2078 556 2115 quam
583 2077 692 2102 mora
719 2062 956 2113 inprimitur.
1028 2061 1091 2100 hic
1125 2061 1191 2100 ille
1216 2075 1368 2100 mecum
