1492 2469
201 228 248 264 26
697 226 733 258 C.
758 226 887 258 PLINI

199 329 341 380 Capito
361 330 410 368 ab
429 330 665 380 imperatore
686 336 820 368 nostro
848 330 1077 380 impetravit
1096 336 1142 369 ut
1161 331 1235 370 sibi
1254 331 1388 370 liceret

159 398 368 432 2statuam
416 394 460 432 L.
499 394 623 432 Silani
661 395 701 432 in
740 395 824 432 foro
870 408 1024 445 ponere.
1099 395 1305 446 pulchrum
1348 403 1387 435 et

196 472 338 509 magna
371 458 488 497 laude
521 458 686 509 dignum
720 459 893 497 amicitia
925 459 1112 510 principis
1144 460 1184 498 in
1214 460 1287 499 hoc
1315 460 1385 507 uti,

196 529 466 574 quantumque
512 524 640 573 gratia
686 523 816 562 valeas
862 524 1027 562 aliorum
1075 524 1288 563 honoribus
1324 538 1374 563 ex

195 589 324 638 periri.
398 594 457 627 est
495 588 655 626 omnino
693 588 877 639 Capitoni
924 589 965 626 in
1003 602 1077 627 usu
1123 589 1246 628 claros
1283 590 1386 628 viros

157 656 177 686 3
195 653 330 691 colere.
387 653 532 690 mirum
553 658 612 691 est
631 666 710 703 qua
729 653 928 704 religione,
951 667 1028 704 quo
1047 654 1179 692 studio
1198 654 1387 705 imagines

195 717 420 763 Brutorum,
461 717 697 764 Cassiorum,
739 717 936 756 Catonum
980 718 1098 765 domi,
1137 718 1206 756 ubi
1243 723 1383 769 potest,

194 782 346 820 habeat.
423 781 529 820 idem
576 781 780 820 clarissimi
827 782 1013 832 cuiusque
1059 783 1183 821 vitam
1221 783 1386 834 egregiis

156 852 175 880 4
193 846 430 884 carminibus
460 851 633 884 exornat.
694 847 790 884 scias
815 847 944 897 ipsum
964 847 1142 897 plurimis
1171 847 1386 886 virtutibus

193 910 392 949 abundare
431 910 499 960 qui
541 910 687 948 alienas
726 911 779 948 sic
817 916 933 949 amat.
1008 911 1188 950 redditus
1235 918 1294 950 est
1340 912 1382 950 L.

194 974 328 1012 Silano
375 974 533 1012 debitus
580 974 716 1020 honor,
762 975 871 1013 cuius
919 975 1197 1014 inmortalitati
1244 975 1385 1027 Capito

192 1038 394 1089 prospexit
433 1038 581 1088 pariter
613 1043 652 1076 et
685 1052 785 1076 suae.
858 1053 985 1090 neque
1023 1041 1128 1078 enim
1166 1041 1290 1091 magis
1323 1040 1384 1079 de-

192 1117 324 1141 corum
346 1109 384 1141 et
404 1103 556 1153 insigne
582 1107 641 1141 est
667 1108 837 1141 statuam
867 1104 908 1141 in
936 1104 1021 1142 foro
1049 1104 1187 1155 populi
1215 1105 1385 1143 Romani

190 1169 331 1206 habere
351 1181 469 1218 quam
489 1181 643 1218 ponere.
703 1167 798 1205 vale.

712 1321 864 1359 XVIII.

324 1418 357 1447 C.
379 1417 550 1446 PLINIUS
577 1418 789 1447 SCETONIO
815 1418 1086 1454 TRANQUILLO
1112 1418 1192 1447 SUO
1217 1418 1249 1449 S.

229 1497 404 1532 Suetonius,
423 1497 567 1525 alarmed
588 1496 625 1533 by
645 1506 665 1525 a
682 1497 802 1531 dream,
819 1498 890 1526 asks
910 1498 1011 1533 Pliny
1031 1500 1061 1526 to
1081 1497 1146 1526 seelc
1166 1507 1209 1526 an
1231 1497 1383 1534 adjourn—

189 1552 270 1576 ment
291 1547 327 1583 of
343 1557 363 1575 (ι
384 1556 451 1576 case
475 1547 574 1576 which
596 1547 643 1576 the
665 1548 757 1576 latter
785 1557 847 1576 was
872 1548 1061 1583 conductitio
1079 1547 1136 1584 sor
1159 1548 1233 1577 him.
1277 1548 1381 1584 Pliny

187 1598 306 1633 replies,
325 1597 391 1625 and
406 1597 455 1626 his
470 1597 610 1625 remarks
624 1606 664 1625 οη
679 1598 803 1626 (Ireczms
816 1607 870 1626 (tre
887 1601 961 1626 most
978 1598 1165 1633 interesting.

153 1692 165 1721 1
242 1679 387 1717 Scribis
421 1684 460 1717 te
493 1679 747 1729 perterritum
782 1679 934 1717 somnio
963 1680 1088 1717 vereri
1118 1693 1166 1717 ne
1195 1678 1292 1729 quid
1319 1679 1384 1717 ad-

187 1744 289 1782 versi
309 1744 348 1781 in
371 1744 525 1782 actione
545 1744 721 1794 patiaris,
743 1757 856 1794 rogas
876 1749 921 1781 ut
941 1743 1171 1781 dilationem
1192 1749 1325 1794 petam
1344 1751 1382 1783 et

148 1809 372 1859 2pauculos
410 1809 505 1853 dies,
542 1814 647 1847 certe
685 1809 922 1859 proximum,
963 1821 1155 1847 excusem.
1228 1808 1382 1847 difficile

187 1882 258 1918 est,
300 1873 369 1911 sed
410 1873 617 1923 experiar:
667 1872 731 1909 καὶ
765 1873 838 1923 γάρ
876 1872 907 1909 τ’
947 1872 1036 1921 ὄναρ
1070 1873 1108 1909 ἐκ
1143 1872 1232 1912 Διός
1267 1872 1379 1911 ἐστιν.

185 1939 310 1977 refert
338 1944 471 1976 tamen
501 1944 692 1976 eventura
720 1938 844 1976 soleas
874 1951 922 1975 an
952 1938 1148 1975 contraria
1176 1937 1378 1976 somniare.

185 2004 284 2042 mihi
314 2003 516 2053 reputanti
546 2003 742 2041 somnium
771 2016 903 2041 meum
932 2002 1040 2040 istud
1069 2002 1174 2053 quod
1203 2003 1319 2040 times
1338 2009 1383 2041 tu

147 2077 166 2107 3
185 2068 384 2120 egregiam
414 2068 609 2107 actionem
638 2067 873 2118 portendere
897 2067 1066 2106 videtur.
1138 2080 1382 2118 susceperam
