1492 2469
434 226 780 259 EPISTULARUM
804 225 831 256 Ι.
861 234 940 256 viu.
1235 225 1285 262 13

96 330 227 369 nimus
264 336 413 380 quanto
451 330 596 368 maiore
634 329 766 367 animo
799 327 1017 366 honestatis
1054 328 1204 365 fructus
1243 327 1283 364 in

95 395 334 433 conscientia
371 408 489 445 quam
521 395 562 432 in
598 394 702 432 sama
739 398 961 443 reponatur.
1031 392 1140 441 sequi
1179 390 1281 428 enim

95 459 229 510 gloria,
269 473 349 497 non
386 459 520 510 adpeti
557 458 686 503 debet,
726 471 796 495 nec
835 457 867 495 si
907 469 997 495 casu
1035 456 1166 506 aliquo
1204 468 1284 492 11011

97 529 295 573 sequatur,
335 523 480 562 idcirco
518 522 621 574 quod
660 522 825 573 gloriam
862 521 1007 559 meruit
1039 521 1169 558 minus
1202 520 1285 570 pul-

96 588 233 626 chrum
266 593 335 626 est.
404 589 433 626 ii
462 602 554 626 vero
583 588 651 638 qui
687 588 888 625 benefacta
918 599 988 624 sua
1018 586 1147 624 verbis
1177 585 1349 624 ador-15

96 657 195 690 nant
236 665 315 690 11011
353 652 442 690 ideo
489 651 715 703 praedicare-
762 652 854 702 quia
900 651 1076 697 fecerint,
1127 650 1195 688 sed
1242 656 1286 688 ut

96 717 368 767 praedicarent,
413 717 547 755 fecisse
594 716 818 754 creduntur.
893 715 957 763 sic,
997 714 1103 765 quod
1141 714 1286 765 magni-

97 782 213 819 ficum
242 781 435 819 referente
464 780 540 818 alio
568 780 718 827 fuisset,
744 780 830 830 ipso
859 780 927 830 qui
955 786 1129 831 gesserat
1158 792 1286 818 recen-

97 851 207 884 sente
235 845 423 883 vanescit.
492 845 670 883 homines
700 845 816 891 enim,
848 858 938 882 cum
967 858 1047 883 rem
1083 844 1286 882 destruere

97 924 177 948 non
212 915 389 961 possunt,
427 910 678 948 iactationem
726 910 809 948 eius
855 910 1065 947 incessunt.
1144 910 1210 955 ita,
1254 910 1286 947 si

97 975 248 1014 silenda
275 975 423 1021 feceris,
445 976 592 1013 factum
622 975 762 1025 ipsum,
784 975 816 1012 si
840 974 1040 1013 laudanda
1060 988 1138 1012 non
1159 975 1284 1022 sileas,

97 1041 180 1090 ipse
212 1039 391 1091 culparis.
450 1053 511 1078 me
539 1053 632 1077 vero
666 1039 874 1090 peculiaris
906 1039 1099 1090 quaedam
1132 1040 1287 1090 inpedit
1308 1044 1350 1074 16

97 1105 208 1143 ratio.
276 1105 422 1143 etenim
468 1104 573 1142 hunc
620 1104 749 1155 ipsum
787 1118 1008 1143 sermonem
1056 1118 1135 1143 non
1182 1105 1286 1155 apud

98 1169 286 1220 populum
306 1169 375 1208 sed
395 1169 500 1220 apud
520 1169 750 1208 decuriones
770 1170 904 1216 habui,
926 1183 998 1208 nec
1017 1170 1059 1208 in
1078 1171 1286 1221 propatulo

97 1233 166 1272 sed
193 1234 234 1271 in
263 1234 377 1272 curia.
437 1247 574 1272 vereor
592 1247 683 1285 ergo
699 1240 744 1272 ut
764 1235 816 1272 sit
836 1234 929 1272 satis
950 1248 1176 1286 congruens,
1200 1249 1285 1273 cum
1310 1251 1347 1284 17

97 1299 137 1336 in
175 1298 342 1336 dicendo
380 1298 696 1336 adsentationem
734 1298 843 1349 vulgi
881 1299 1287 1350 adclamationemque

97 1364 328 1414 defugerim,
349 1376 453 1401 nunc
482 1363 619 1401 eadem
648 1363 714 1401 illa
745 1363 918 1402 editione
948 1364 1098 1411 sectari,
1122 1378 1287 1416 cumque

98 1428 252 1478 plebem
271 1428 396 1478 ipsam
421 1428 482 1465 cui
507 1427 784 1465 consulebatur
811 1428 946 1466 limine
976 1429 1103 1468 curiae
1132 1430 1287 1480 parieti-

98 1494 248 1543 busque
278 1492 540 1537 discreverim,
571 1505 620 1530 ne
649 1505 766 1542 quam
794 1492 836 1530 in
865 1493 1033 1543 speciem
1062 1493 1288 1533 ambitionis

97 1558 323 1604 inciderem,
344 1570 449 1594 nunc
473 1570 539 1595 eos
565 1556 684 1595 etiam
705 1557 754 1595 ad
780 1570 876 1608 quos
898 1571 947 1595 ex
966 1571 1128 1597 munere
1151 1564 1286 1597 nostro

98 1622 199 1660 nihil
224 1621 397 1672 pertinet
420 1627 576 1671 praeter
602 1621 828 1672 exemplum
848 1622 958 1660 velut
984 1623 1100 1661 obvia
1120 1630 1288 1663 ostenta-

98 1688 205 1726 tione
239 1687 478 1737 conquirere.
551 1686 671 1724 habes
700 1687 960 1726 cunctationis
988 1702 1097 1726 meae
1126 1702 1262 1728 causas
1279 1706 1289 1738 3
1309 1705 1351 1736 18

98 1753 292 1802 obsequar
323 1757 456 1789 tamen
489 1751 652 1789 consilio
684 1755 764 1800 tuo,
800 1752 909 1790 cuius
942 1753 1039 1791 mihi
1077 1755 1288 1793 auctoritas

98 1830 169 1868 pro
187 1817 339 1855 ratione
359 1815 532 1853 sufficiet.
590 1815 685 1853 vale.
