1492 2469
365 271 706 303 EPISTULARUM
732 270 758 302 I.
787 279 840 301 vn
860 279 953 301 -vl11.
1210 270 1253 306 11

69 377 185 415 licare
206 376 267 414 vel
288 376 498 414 continere.
567 375 660 425 quin
686 374 807 412 immo
833 374 995 411 fortasse
1016 373 1114 410 hanc
1136 372 1256 422 ipsam
1278 377 1298 406 ss

69 441 359 479 cunctationem
414 447 589 478 nostram
644 439 686 477 in
733 438 964 476 alterutram
1022 436 1258 474 sententiam

71 505 360 543 emendationis
416 505 518 542 ratio
565 503 744 548 deducet,
794 515 892 552 quae
939 506 1009 539 aut
1054 501 1261 551 indignum

71 569 256 615 editione,
279 569 372 607 dum
394 569 548 619 saepius
567 573 768 614 retractat,
790 566 977 612 inveniet,
996 572 1063 604 aut
1084 566 1260 616 dignum,

67 633 163 671 dum
192 633 233 671 id
263 633 392 684 ipsum
421 633 636 683 experitur,
658 632 807 670 efficiet.
877 644 1115 681 quamquam
1144 630 1261 668 huius
1278 637 1301 668 5

71 698 334 736 cunctationis
355 711 463 735 meae
490 710 625 735 causae
649 710 728 734 non
748 702 829 733 tam
849 696 890 733 in
911 695 1064 745 scriptis
1085 708 1203 745 quam
1222 695 1262 732 in

70 763 154 812 ipso
193 763 381 800 materiae
419 775 561 812 genere
600 761 832 799 consistunt.
909 765 968 797 est
1002 760 1105 797 enim
1146 759 1262 810 paulo

67 828 180 877 quasi
208 827 416 878 gloriosius
436 831 475 865 et
495 826 645 864 elatius.
715 825 897 863 onerabit
925 824 997 863 hoc
1026 824 1260 862 modestiam

70 896 258 938 nostram,
299 891 453 929 etiamsi
501 890 614 928 stilus
660 890 744 940 ipse
790 902 945 939 pressus
993 889 1263 939 demissusque

70 955 202 1001 fuerit,
223 960 432 1006 propterea
461 954 567 1005 quod
596 954 772 1005 cogimur
801 967 888 992 011111
918 954 966 992 de
995 954 1262 992 munificentia

70 1026 280 1069 parentum
308 1024 532 1057 nostrorum
562 1024 647 1056 tum
676 1018 724 1056 de
754 1024 888 1056 nostra
914 1018 1125 1068 disputare.
1197 1032 1261 1056 an·
1278 1023 1302 1053 6

67 1097 156 1134 ceps
176 1084 238 1122 hic
259 1090 298 1122 et
318 1084 490 1122 lubricus
509 1083 616 1122 100118
637 1088 707 1130 est,
729 1083 846 1121 etiam
869 1096 956 1120 cum
976 1083 1032 1120 illi
1052 1083 1261 1121 necessitas

65 1147 320 1186 lenocinatur.
394 1148 541 1186 etenim
562 1148 594 1186 si
614 1147 763 1186 alienae
784 1161 939 1197 quoque
966 1147 1101 1185 laudes
1120 1161 1257 1198 parum

65 1214 200 1263 aequis
235 1214 395 1251 auribus
430 1213 552 1264 accipi
587 1212 727 1260 solent,
763 1226 880 1262 quam
914 1212 1069 1251 difficile
1103 1219 1162 1251 est
1196 1228 1260 1264 op-

64 1278 191 1316 tinere
220 1291 269 1316 ne
303 1278 467 1316 molesta
496 1278 678 1316 videatur
706 1278 831 1316 oratio
860 1278 908 1316 de
938 1291 977 1316 se
1007 1283 1075 1316 aut
1103 1278 1152 1317 de
1181 1279 1260 1317 suis

64 1342 323 1381 disserentisl
391 1356 482 1380 nam
510 1356 598 1380 cum
628 1342 702 1393 ipsi
732 1342 931 1380 honestati
951 1350 1035 1380 tum
1055 1343 1259 1393 aliquanto

64 1407 188 1457 magis
211 1407 359 1458 gloriae
388 1407 471 1444 eius
500 1406 862 1457 praedicationigue
892 1407 1113 1445 invidemus
1140 1413 1258 1459 atque

63 1486 108 1509 ea
128 1471 287 1509 demum
308 1479 412 1510 recte
432 1472 535 1510 facta
555 1472 685 1509 minus
705 1471 986 1522 detorquemus
1007 1478 1044 1510 et
1066 1474 1258 1524 carpimus

62 1550 162 1586 quae
190 1537 232 1574 in
260 1537 499 1575 obscuritate
528 1542 568 1574 et
596 1537 754 1575 silentio
784 1544 1038 1587 reponuntur.
1109 1552 1185 1588 qua
1208 1553 1257 1578 ex
1276 1550 1299 1582 7

62 1614 178 1638 causa
211 1614 326 1651 saepe
361 1602 443 1651 ipse
473 1614 638 1647 mecum,
669 1601 833 1639 nobisne
863 1607 1030 1649 tantum,
1062 1603 1256 1654 quidquid

62 1671 121 1703 est
159 1665 278 1713 istud,
320 1666 569 1716 conposuisse
607 1680 657 1704 an
696 1671 736 1704 et
773 1667 860 1704 aliis
906 1667 1146 1706 debeanus?
1212 1677 1256 1707 ut

62 1729 188 1775 nobis,
236 1729 423 1768 admonet
470 1730 581 1777 illud,
630 1731 735 1780 quod
782 1731 968 1782 pleraque
1016 1746 1116 1783 quae
1163 1740 1256 1772 sunt

60 1793 235 1843 agendae
262 1795 317 1832 rei
343 1795 560 1832 necessaria
589 1795 725 1833 eadem
752 1801 912 1845 peracta
940 1810 1011 1834 1100
1039 1797 1253 1836 utilitatem

60 1871 194 1908 parem
214 1872 284 1896 nec
303 1859 471 1909 gratiam
491 1860 676 1898 retinent.
749 1873 791 1898 ac
816 1874 865 1898 ne
892 1860 1048 1911 longius
1075 1863 1254 1912 exempla
1272 1870 1298 1901 8

60 1928 296 1973 repetamus,
345 1923 441 1973 quid
487 1923 625 1961 utilius
672 1924 749 1962 fuit
795 1938 915 1975 quam
960 1926 1253 1966 munificentiae

59 1987 254 2025 rationem
281 1987 400 2025 etiam
421 1987 510 2026 stilo
530 1989 747 2039 prosequi?
813 2002 883 2040 per
911 1990 984 2028 1100
1013 1991 1118 2029 0111111
1147 1993 1253 2031 adse-

59 2051 289 2100 quebamur,
317 2052 488 2102 primum
515 2058 562 2090 ut
590 2052 767 2091 honestis
797 2055 1103 2104 cogitationibus
1132 2058 1254 2096 inmo-

58 2128 245 2162 raremur,
277 2116 420 2155 deinde
450 2122 495 2155 ut
528 2117 864 2167 pulchritudinem
892 2119 1048 2158 illarum
1077 2121 1253 2173 longiore
