1492 2469
336 245 679 278 EPISTULARUM
704 245 729 277 1.
761 254 964 278 xV1111.-xx.
1198 246 1246 283 29

59 350 360 389 auctoritatibus
381 350 462 400 agit
482 363 524 388 ac
546 349 643 387 mihi
659 363 708 387 ex
724 348 882 387 Graecis
899 349 1094 387 orationes
1109 348 1250 399 Lysiae

58 419 242 461 ostentat,
265 428 314 452 ex
340 414 485 452 nostris
514 414 780 452 Gracchorum
810 413 1061 463 Catonisque,
1084 426 1248 463 quorum

58 492 150 517 sane
170 478 362 529 plurimae
384 484 476 516 sunt
496 478 742 516 circumcisae
763 483 802 515 et
823 478 961 515 breves
978 494 984 515 :
1020 490 1090 527 ego
1110 477 1250 527 Lysiae

58 543 365 589 Demosthenen,
383 542 620 590 Aeschinen,
638 541 884 592 Hyperiden,
902 541 1125 592 multosque
1145 555 1251 592 prae-

59 614 175 653 terea,
185 607 371 645 Gracchis
384 613 423 645 et
437 607 578 646 Catoni
592 607 822 654 Pollionem,
832 606 1048 654 Caesarem,
1059 606 1247 652 Caelium,

58 672 97 709 in
126 672 264 722 primis
298 672 352 710 M.
390 672 565 710 Tullium
599 684 766 722 oppono,
797 672 906 709 cuius
941 671 1067 709 oratio
1101 671 1251 721 optima

59 736 182 774 fertur
208 750 291 774 esse
318 749 417 786 quae
443 735 625 774 maxima.
686 741 725 774 et
751 735 908 774 hercule
934 740 979 773 ut
1003 735 1099 774 aliae
1126 735 1250 773 bonae

59 813 118 838 res
155 801 212 838 ita
245 800 370 838 bonus
403 800 503 838 liber
536 799 676 837 melior
708 805 768 838 est
802 799 967 850 quisque
1001 812 1079 850 quo
1112 799 1247 837 maior.

59 864 167 902 vides
196 870 241 902 ut
274 869 435 915 statuas,
468 864 589 915 signa,
624 864 808 914 picturas,
844 864 1050 902 hominum
1080 864 1288 914 denique5

58 929 349 979 multorumque
383 929 611 967 animalium
644 928 800 975 formas,
833 929 1016 967 arborum
1052 929 1182 975 etiam,
1217 928 1249 965 si

58 994 174 1032 modo
194 994 274 1031 sint
294 993 467 1041 decorae,
490 993 590 1031 nihil
614 993 739 1044 magis
765 1006 883 1043 quam
910 993 1131 1043 amplitudo
1152 1006 1251 1031 com-

57 1058 226 1097 mendet.
285 1058 390 1096 idem
420 1058 664 1096 orationibus
694 1057 837 1104 evenit,
869 1058 966 1108 quin
995 1058 1115 1095 etiam
1144 1057 1252 1096 volu—

57 1123 228 1161 minibus
242 1123 336 1173 ipsis
353 1123 629 1160 auctoritatem
646 1122 843 1172 quandam
859 1127 898 1160 et
913 1122 1250 1172 pulchritudinem

57 1187 178 1226 adicit
206 1187 449 1238 magnitudo.
520 1187 616 1225 haec
649 1187 715 1226 ille
749 1187 953 1237 multaque
988 1187 1063 1225 alia
1096 1200 1195 1237 quae
1229 1197 1288 1227 a6

57 1265 117 1290 me
145 1252 187 1290 in
215 1251 379 1290 eandem
410 1252 649 1290 sententiam
679 1251 807 1290 solent
835 1251 923 1299 dici,
950 1257 996 1289 ut
1024 1258 1084 1290 est
1109 1252 1151 1289 in
1177 1251 1251 1289 dis-

55 1316 233 1366 putando
262 1315 656 1366 inconprehensibilis
685 1320 725 1354 et
752 1315 936 1362 lubricus,
965 1316 1021 1353 ita
1050 1315 1175 1354 eludit
1204 1322 1249 1354 ut

56 1380 270 1419 contendat
289 1380 360 1419 hos
380 1381 486 1431 ipsos
502 1393 669 1430 quorum
686 1380 929 1419 orationibus
945 1381 1050 1418 nitar
1065 1380 1250 1431 pauciora

55 1445 201 1484 dixisse
232 1459 349 1496 quam
381 1444 588 1483 ediderint.
665 1458 736 1496 ego
774 1450 909 1483 contra
947 1451 1054 1496 puto.
1130 1451 1249 1484 testes
1270 1454 1286 1486 7

55 1514 148 1547 sunt
184 1509 334 1547 multae
371 1509 588 1547 multorum
627 1509 824 1547 orationes
863 1514 903 1547 et
941 1510 1141 1548 Ciceronis
1178 1523 1249 1560 pro

55 1574 234 1620 Murena,
254 1587 326 1624 pro
345 1574 514 1621 Vareno,
537 1574 578 1611 in
604 1574 748 1624 quibus
776 1574 906 1612 brevis
935 1579 975 1612 et
1003 1574 1110 1612 nuda
1139 1574 1251 1625 quasi

55 1638 290 1689 subscriptio
303 1638 551 1689 quorundam
564 1638 772 1676 criminum
789 1638 881 1677 solis
896 1639 1024 1677 titulis
1040 1639 1247 1677 indicatur.

55 1715 104 1740 ex
132 1702 193 1740 his
223 1707 388 1753 apparet
415 1702 527 1740 illum
559 1702 755 1752 permulta
788 1702 946 1750 dixisse,
979 1716 1068 1741 cum
1102 1703 1248 1750 ederet,

55 1766 241 1805 omisisse.
309 1766 414 1805 idem
447 1780 517 1817 pro
552 1766 738 1805 Cluentio
771 1767 828 1805 ait
861 1779 900 1805 se
934 1772 1059 1805 totam
1093 1781 1249 1806 causam
1269 1783 1288 1812 8

55 1836 186 1869 vetere
214 1831 401 1870 instituto
431 1831 558 1869 solum
586 1844 799 1881 perorasse,
828 1836 868 1869 et
896 1845 966 1882 pro
994 1832 1035 1870 C.
1067 1832 1249 1870 Cornelio

55 1894 276 1945 quadriduo
310 1895 457 1946 egisse,
504 1908 553 1932 ne
590 1894 774 1933 dubitare
812 1895 1005 1945 possimus
1043 1909 1143 1946 quae
1180 1910 1250 1947 per

55 1959 185 2009 plures
223 1959 318 2007 dies,
358 1964 403 1997 ut
444 1972 602 1997 necesse
641 1964 735 2006 erat,
770 1959 888 1998 latius
927 1959 1075 1998 dixerit
1112 1966 1249 2011 postea

55 2023 177 2062 recisa
196 2037 239 2061 ac
257 2028 468 2075 repurgata
487 2024 528 2061 in
548 2037 671 2062 unum
691 2023 848 2071 librum,
865 2024 1054 2074 grandem
1075 2025 1244 2075 quidem,

55 2101 178 2126 unum
211 2093 356 2135 tamen,
392 2093 593 2126 coartasse.
671 2093 712 2126 at
749 2087 857 2127 aliud
894 2094 954 2127 est
991 2089 1093 2127 actio
1130 2090 1244 2136 bona,
1264 2097 1284 2127 9
