1492 2469
174 225 222 261 68
670 224 708 256 C.
731 225 862 256 PLINI

171 335 303 367 tamen
333 335 372 367 et
401 329 562 379 squillas
591 329 760 380 optimas
789 329 921 379 egerit.
996 329 1087 367 villa
1114 343 1204 368 vero
1232 334 1365 366 nostra

171 393 291 432 etiam
321 394 629 432 mediterraneas
664 394 794 444 copias
822 398 1007 443 praestat,
1039 393 1097 432 lac
1129 394 1170 431 in
1203 392 1362 444 primis:

169 471 261 496 nam
298 458 390 496 illuc
426 472 446 495 6
478 458 629 508 pascuis
667 471 806 508 pecora
844 458 1095 505 conveniunt,
1136 459 1167 496 si
1205 457 1363 507 quando

110 533 152 563 ‘29
168 536 309 572 aquam
329 523 559 560 umbramve
588 527 797 560 sectantur.
866 522 1031 560 iustisne
1060 522 1108 559 de
1137 522 1260 559 causis
1284 521 1362 558 iam

169 587 241 624 tibi
281 587 417 625 videor
455 587 634 632 incolere,
675 586 909 632 inhabitare,
948 586 1110 636 diligere
1157 598 1360 632 secessum,

168 665 285 702 quem
314 656 358 689 tu
387 651 504 689 nimis
534 651 706 688 urbanus
738 665 778 689 es
807 651 881 688 nisi
908 650 1177 700 concupiscis?
1243 655 1361 701 atque

169 717 320 754 utinam
342 716 592 765 concupiscas
611 719 617 753 1
648 722 692 753 ut
722 720 782 754 tot
803 716 1003 766 tantisque
1024 715 1182 753 dotibus
1202 715 1362 753 villulae

168 786 325 818 nostrae
362 780 536 818 maxima
574 780 862 818 commendatio
901 794 949 818 ex
989 785 1056 818 tuo
1104 780 1361 818 contubernio

167 845 335 884 accedat.
395 845 490 883 vale.

688 948 840 986 XVIII.

456 1034 489 1064 o.
511 1034 681 1063 PLINIUs
707 1035 901 1064 MAt’moo
928 1034 1009 1064 on
1035 1034 1065 1063 s.

204 1103 467 1139 Plzss11ypo·02m·ses
487 1103 658 1131 ZlIauriws
680 1106 708 1131 to
724 1102 798 1138 fimi
819 1112 836 1130 a
858 1103 937 1139 [mod
957 1103 1079 1131 toacher
1093 1102 1150 1138 for
1169 1102 1218 1131 the
1238 1110 1309 1131 sons
1328 1101 1364 1138 of

165 1153 329 1182 Arulenus
342 1154 501 1185 Rusticus,
520 1154 568 1181 his
583 1153 713 1182 brother.

130 1236 144 1266 1
219 1229 324 1277 Quid
354 1243 375 1267 a
404 1235 444 1267 te
473 1230 569 1267 mihi
599 1229 808 1267 iucundius
834 1230 965 1280 potuit
990 1230 1154 1280 iniungi,
1176 1243 1293 1280 quam
1314 1236 1359 1267 ut

163 1299 456 1344 praeceptorem
499 1293 630 1331 fratris
669 1294 728 1331 tui
765 1293 898 1331 liberis
936 1297 1199 1344 quaererem?
1267 1308 1358 1332 nam

164 1358 352 1396 beneficio
383 1364 450 1396 tuo
480 1358 520 1395 in
550 1358 723 1396 scholam
744 1357 860 1396 redeo
890 1363 930 1396 et
958 1358 1065 1396 illam
1092 1358 1357 1396 dulcissimam

164 1430 334 1461 aetatem
349 1423 460 1473 quasi
476 1436 629 1460 resumo
646 1437 652 1459 z
674 1422 790 1460 sedeo
806 1422 910 1460 inter
924 1422 1097 1467 iuvenes,
1112 1428 1157 1460 ut
1172 1422 1354 1469 soleba-m,

163 1495 281 1539 atque
308 1488 427 1526 etiam
457 1488 638 1538 experior
666 1492 859 1537 quantum
880 1487 985 1537 apud
1005 1487 1092 1525 illos
1112 1488 1358 1526 auctoritatis

126 1565 145 1594 2
163 1567 211 1591 ex
231 1553 374 1591 studiis
392 1553 567 1590 habeam.
633 1566 723 1590 nam
744 1553 922 1602 proxime
942 1553 1141 1602 frequenti
1160 1552 1357 1591 auditorio

163 1619 267 1656 inter
287 1632 326 1656 se
347 1632 476 1656 coram
493 1617 627 1655 multis
640 1617 790 1655 ordinis
810 1617 933 1655 nostri
954 1617 1054 1655 clare
1069 1617 1355 1667 loquebantur:

162 1684 319 1729 intravi,
360 1683 657 1729 conticuerunt,
701 1682 807 1732 quod
845 1695 923 1720 non
962 1682 1156 1728 referrem,
1197 1682 1272 1720 nisi
1306 1682 1355 1721 ad

162 1748 319 1786 illorum
348 1748 471 1798 magis
500 1747 658 1785 laudem
686 1760 804 1797 quam
832 1747 882 1784 ad
912 1760 1038 1784 meam
1064 1747 1290 1796 pertineret,
1313 1761 1355 1785 ac

163 1813 238 1851 nisi
271 1826 425 1862 sperare
459 1819 497 1850 te
528 1811 670 1850 vellem
700 1825 811 1862 posse
845 1811 978 1848 fratris
1008 1811 1067 1849 tui
1102 1811 1201 1849 filios
1235 1812 1354 1862 probi·

125 1888 145 1917 3
163 1877 320 1914 discere.
392 1876 496 1925 quod
526 1882 713 1926 superest,
744 1889 833 1913 cum
862 1889 996 1913 omnes
1024 1875 1091 1926 qui
1120 1877 1356 1926 profitentur

163 1941 335 1986 audiero,
356 1940 452 1990 quid
472 1940 520 1978 de
541 1953 697 1990 quoque
726 1940 893 1978 sentiam
916 1940 1083 1978 scribam
1102 1940 1352 1991 efficiamque,

163 2011 355 2056 quantum
391 2009 524 2042 tamen
562 2004 730 2054 epistula
772 2005 955 2054 consequi
1003 2010 1151 2055 potero,
1191 2011 1236 2043 ut
1272 2005 1353 2056 ipse

124 2083 297 2112 4omnes
335 2068 488 2106 audisse
527 2068 705 2106 videaris.
795 2068 919 2107 debeo
958 2069 1064 2107 enim
1106 2069 1192 2116 tibi,
1230 2069 1354 2108 debeo
