1492 2469
426 265 768 298 EPISTULARUM
795 266 841 298 II.
869 275 948 298 xm.
958 275 1068 299 -xl111.
1294 270 1340 306 59

150 382 328 419 capacem
349 383 426 420 quo
452 370 576 421 magis
602 370 730 418 scires,
751 370 924 408 breviter
943 371 1016 408 tibi
1040 370 1182 417 studia,
1204 384 1341 417 mores,

150 446 305 472 omnem
338 434 507 484 denique
541 435 664 472 vitam
698 435 779 473 eius
826 435 1009 485 expressi.
1089 435 1342 474 extenderem
1367 442 1396 470 ll

149 511 291 548 preces,
320 499 395 537 nisi
424 504 463 538 et
493 504 537 538 tu
566 500 694 550 rogari
724 499 793 538 diu
822 499 956 546 nolles,
989 506 1029 538 et
1058 513 1129 550 ego
1160 505 1245 538 tota
1270 500 1342 538 hoc

148 563 316 612 epistula
335 563 513 601 fecissem
531 579 537 601 :
566 569 679 614 rogat
699 565 816 612 enim,
833 571 873 602 et
889 564 1048 614 quidem
1068 565 1340 613 efficacissime,

148 627 215 676 qui
235 627 366 665 reddit
386 641 520 666 causas
540 628 717 678 rogandi.
774 628 870 667 vale.

674 731 811 770 XIIII.

445 817 478 847 c.
498 817 669 847 Ptmrs
695 819 870 848 MAxnio
897 818 977 848 suo
1003 818 1034 848 s.

251 885 353 920 Pliny
369 885 501 914 Iaments
516 885 564 914 the
578 886 767 921 ‹leymzeracy
782 886 817 922 of
830 886 877 915 tlte
894 885 1112 915 Centum-wira!
1129 886 1233 916 Court.

198 956 346 994 Verum
367 955 538 1006 opinaris
556 972 564 994 z
592 955 810 1006 distringor
830 956 1182 995 centumviralibus
1202 957 1337 1005 causis,
1362 969 1372 998 1

144 1034 243 1071 quae
263 1034 325 1059 me
346 1025 532 1058 exercent
550 1020 676 1070 magis
696 1034 815 1071 quam
844 1020 1053 1059 delectant.
1123 1026 1215 1059 sunt
1235 1022 1339 1060 enim

143 1085 352 1135 pleraeque
367 1098 512 1135 parvae
528 1090 568 1123 et
583 1085 704 1123 exiles
722 1101 728 1123 :
748 1098 836 1123 raro
851 1085 991 1123 incidit
1006 1084 1069 1123 vel
1084 1098 1338 1135 personarum

143 1150 321 1188 claritate
355 1149 418 1188 vel
447 1150 597 1200 negotii
630 1149 905 1199 magnitudine
938 1149 1111 1200 insignis.
1183 1150 1232 1188 ad
1266 1150 1338 1189 hoc
1357 1164 1380 1192 2>

141 1215 255 1264 pauci
275 1228 363 1253 cum
392 1215 535 1265 quibus
563 1214 674 1252 iuvet
703 1214 855 1252 dicere:
885 1215 1003 1252 ceteri
1033 1214 1200 1253 audaces
1220 1220 1337 1265 atque

141 1280 261 1317 etiam
294 1293 435 1329 magna
467 1292 516 1317 ex
548 1284 660 1329 parte
690 1278 977 1317 adulescentuli
1007 1279 1162 1317 obscuri
1191 1279 1240 1317 ad
1275 1279 1338 1318 de-

141 1344 391 1382 clamandum
439 1343 515 1381 huc
562 1343 816 1390 transierunt,
856 1348 939 1381 tam
986 1343 1256 1382 inreverenter
1298 1350 1338 1383 et

140 1414 287 1446 temere
303 1413 349 1446 ut
364 1407 462 1445 mihi
478 1407 627 1445 Atilius
642 1413 777 1445 noster
793 1420 973 1457 expresse
994 1407 1139 1446 dixisse
1155 1408 1338 1447 videatur

140 1473 195 1511 sic
222 1473 264 1510 in
292 1472 378 1510 foro
406 1485 548 1522 pueros
577 1485 599 1510 a
628 1472 977 1510 centumviralibus
997 1473 1121 1511 causis
1145 1473 1336 1524 auspicari

140 1542 184 1574 ut
213 1537 262 1574 ab
292 1536 466 1575 Homero
495 1536 536 1574 in
566 1536 717 1574 scholis.
789 1549 881 1574 nam
911 1537 974 1575 hic
1005 1551 1160 1588 quoque
1186 1544 1232 1576 ut
1257 1539 1335 1577 illic

138 1601 310 1651 primum
331 1601 460 1651 coepit
479 1614 562 1639 esse
589 1600 696 1651 quod
721 1602 939 1640 maximum
968 1607 1037 1640 est.
1109 1608 1151 1640 at
1179 1602 1335 1642 hercule
1353 1608 1375 1638 3

139 1671 230 1704 ante
250 1666 479 1704 memoriam
499 1679 627 1703 meam
648 1666 721 1715 (ita
740 1667 905 1704 maiores
925 1672 1021 1704 natu
1042 1666 1170 1705 solent
1189 1667 1333 1717 dicere)

139 1743 187 1768 ne
209 1730 462 1768 nobilissimis
488 1729 647 1780 quidem
674 1730 990 1769 adulescentibus
1016 1731 1123 1770 locus
1149 1738 1234 1770 erat
1260 1734 1335 1771 nisi

139 1794 271 1844 aliquo
300 1794 495 1832 consulari
522 1794 788 1844 producente:
822 1799 935 1833 tanta
967 1797 1219 1835 veneratione
1253 1798 1335 1847 pul-

140 1859 377 1898 cherrimum
407 1872 503 1909 opus
533 1858 742 1897 colebatur.
825 1872 929 1897 nunc
962 1860 1139 1898 refractis
1172 1860 1334 1911 pudoris
1352 1868 1370 1896 4

139 1931 180 1962 et
210 1924 453 1962 reverentiae
486 1923 665 1961 claustris
698 1923 830 1961 omnia
861 1928 1001 1973 patent
1035 1925 1229 1969 omnibus,
1263 1939 1332 1963 nec

138 1987 384 2025 inducuntur
431 1987 499 2025 sed
545 1988 790 2037 inrumpunt.
868 1993 1088 2038 sequuntur
1133 1989 1333 2028 auditores

138 2052 337 2090 actoribus
357 2052 514 2098 similes,
532 2052 716 2090 conducti
736 2059 776 2090 et
795 2052 1014 2103 redempti:
1044 2067 1227 2104 manceps
1247 2069 1333 2093 con—

138 2117 320 2155 venitur:
349 2117 392 2154 in
411 2116 543 2155 media
561 2117 722 2155 basilica
740 2122 822 2155 tam
846 2117 975 2168 palam
995 2118 1193 2169 sportulae
1214 2133 1331 2170 quam
