1492 2469
381 243 721 275 EPISTULARUM
747 242 774 274 I.
803 251 1023 275 xxn.-xX111.
1252 245 1300 281 35

110 353 168 396 ut,
191 348 223 386 si
247 354 349 386 esset
376 348 662 398 insuperabilis,
685 354 824 398 sponte
853 347 979 385 exiret
1008 360 1027 385 e
1054 347 1147 393 vita,
1169 347 1200 384 si
1221 352 1303 384 tan-

114 418 199 450 tum
219 412 385 450 difficilis
405 417 445 450 et
464 412 589 463 longa,
608 412 806 450 resisteret
821 416 1097 461 maneretque:
1127 410 1302 448 dandum
1343 413 1363 444 9

111 477 219 515 enlm
238 477 416 527 precibus
437 477 582 524 uxoris,
603 476 779 514 dandum
806 476 907 514 filiae
927 476 1108 521 lacrimis,
1129 475 1302 513 dandum

114 542 233 580 etiam
251 542 365 580 nobis
385 542 518 580 amieis
538 555 587 580 ne
607 555 694 591 spes
710 546 874 587 nostras,
892 541 923 578 si
940 540 1056 578 modo
1076 553 1155 578 non
1175 546 1304 578 essent

114 606 260 652 inanes,
291 606 513 644 voluntaria
538 612 664 644 morte
693 605 855 644 deseret.
913 605 954 643 id
981 618 1050 655 ego
1077 604 1243 642 arduum
1264 604 1303 641 in
1325 612 1365 644 10

115 671 252 722 primis
272 677 311 709 et
332 671 539 722 praecipua
558 670 674 709 laude
695 670 857 720 dignum
878 675 984 719 puto.
1043 683 1134 707 nam
1154 669 1306 719 impetu

116 735 286 785 quodam
306 741 345 773 et
364 735 555 772 instinctu
581 747 807 785 procurrere
833 734 883 772 ad
909 738 1075 772 mortem
1102 747 1307 771 commune

116 813 204 838 cum
224 799 370 846 multis,
391 799 606 838 deliberare
627 812 720 837 vero
742 803 781 837 et
800 812 934 836 causas
961 798 1044 836 eius
1073 797 1305 848 expendere,

116 869 239 914 utque
277 864 442 902 suaserit
474 864 586 911 ratio,
617 863 722 901 vitae
750 863 967 913 mortisque
1005 863 1211 901 consilium
1245 863 1307 901 vel

116 929 311 979 suscipere
340 928 401 966 vel
430 941 574 978 ponere
603 928 774 978 ingentis
804 934 862 965 est
890 928 1020 965 animi.
1094 933 1134 966 et
1166 927 1306 966 medici
1328 934 1364 966 11

118 993 278 1043 quidem
307 992 477 1030 secunda
506 992 618 1030 nobis
647 992 906 1042 pollicentur:
937 998 1114 1042 superest
1147 998 1192 1030 ut
1224 1006 1308 1042 pro-

118 1058 247 1095 missis
279 1056 374 1095 deus
402 1057 550 1095 adnuat
578 1057 818 1107 tandemque
848 1070 911 1095 me
943 1056 1015 1095 hac
1045 1057 1308 1095 sollicitudine

118 1122 297 1160 exsolvat
309 1136 320 1169 3
349 1135 427 1172 qua
454 1121 643 1159 liberatus
672 1121 959 1159 Laurentinum
988 1135 1128 1169 meum,
1152 1122 1224 1160 hoc
1251 1127 1310 1161 est

119 1186 270 1225 libellos
302 1191 341 1224 et
378 1186 588 1237 pugillares
626 1186 924 1236 studiosumque
962 1186 1088 1224 otium
1122 1191 1305 1236 repetam.

119 1264 223 1289 nunc
253 1251 357 1289 enim
386 1250 485 1288 nihil
522 1250 660 1301 legere,
690 1250 791 1288 nihil
820 1251 987 1289 scribere
1016 1256 1085 1289 aut
1113 1251 1309 1289 adsidenti

121 1321 234 1353 vacat
270 1320 340 1353 aut
378 1315 495 1353 anxio
533 1315 640 1353 libet.
711 1315 832 1353 habes
870 1315 965 1366 quid
1003 1316 1174 1362 timeam,
1215 1317 1309 1366 quid
1331 1320 1371 1351 12

119 1386 265 1430 optem,
300 1379 395 1430 quid
429 1379 547 1418 etiam
580 1380 621 1417 in
655 1384 856 1430 posterum
886 1379 1104 1418 destinem:
1142 1385 1187 1418 tu
1216 1380 1311 1431 quid

120 1444 257 1495 egeris,
280 1443 376 1494 quid
396 1457 498 1494 agas,
520 1444 614 1493 quid
635 1444 733 1482 velis
761 1457 885 1494 agere,
910 1444 1078 1482 invicem
1098 1444 1221 1490 nobis,
1243 1445 1312 1483 sed

121 1507 348 1546 laetioribus
369 1507 547 1558 epistulis
567 1508 700 1546 scribe.
771 1508 847 1546 erit
867 1508 1087 1546 confusioni
1107 1522 1214 1547 meae
1234 1522 1313 1546 non

122 1572 316 1611 mediocre
336 1572 533 1620 solacium,
556 1572 587 1609 si
608 1577 651 1610 tu
672 1572 771 1609 nihil
792 1573 975 1622 quereris.
1035 1572 1131 1611 vale.

642 1686 794 1724 XXIII.

318 1773 350 1802 C.
372 1773 542 1802 PLINIUS
569 1773 752 1802 POMPEIO
778 1773 959 1803 FALCONI
985 1774 1066 1804 SUO
1092 1775 1124 1805 S.

163 1839 289 1876 Plz'ny's
303 1840 433 1876 opinion
445 1849 480 1869 (18
494 1843 523 1869 to
538 1840 668 1870 whether
682 1849 702 1868 (ι
717 1840 841 1870 tribune
862 1841 898 1877 of
915 1841 963 1871 tlte
976 1842 1058 1878 plebs
1072 1843 1183 1872 should
1196 1853 1317 1880 appear

123 1899 160 1919 as
174 1899 216 1918 an
231 1890 384 1919 advocate.

179 1965 361 2004 Consulis
382 1980 431 2004 an
452 1967 675 2005 existimem
695 1972 735 2005 te
755 1967 796 2005 in
816 1968 1023 2008 tribunatu
1052 1983 1185 2009 causas
1205 1985 1318 2022 agere
1338 1977 1357 2010 l

126 2026 279 2066 debere.
331 2028 544 2078 plurimum
566 2029 685 2067 refert
704 2029 800 2079 quid
820 2043 902 2068 esse
922 2031 1171 2070 tribunatum
1191 2039 1317 2083 putes,

128 2091 286 2130 inanem
306 2093 485 2131 umbram
512 2098 552 2132 et
577 2093 660 2131 sine
681 2093 830 2133 honore
849 2108 992 2134 nomen
1013 2109 1063 2134 an
1082 2101 1321 2147 potestatem
