1492 2469
170 195 217 231 72
665 192 701 225 C.
728 191 855 223 PLINI

128 309 148 340 6
168 297 390 347 peierasset.
463 296 556 334 facit
585 296 656 333 hoc
688 295 863 345 Regulus
897 308 975 332 non
1009 294 1138 332 minus
1172 293 1355 331 scelerate

166 375 283 411 quam
302 362 538 412 frequenter,
558 361 663 411 quod
684 361 781 398 iram
802 360 977 406 deorum,
994 372 1092 409 quos
1111 359 1193 409 ipse
1213 357 1356 396 cotidie

127 426 276 474 7fallit,
312 428 352 464 in
386 432 503 477 eaput
537 425 701 463 infelicis
734 425 845 475 pueri
880 424 1108 462 detestatur.
1181 422 1356 461 Velleius

166 491 337 537 Blaesus,
360 491 424 528 ille
445 490 615 540 locuples
642 489 867 534 consularis
894 488 1105 526 novissima
1130 487 1356 525 valetudine

165 556 485 593 conflictabatur:
534 555 715 605 cupiebat
750 559 901 591 mutare
935 557 1227 591 testamentum.
1288 552 1356 589 Ro-

164 621 291 670 guhrs,
329 621 396 670 qui
435 626 608 670 speraret
647 618 797 668 aliquid
837 632 885 655 ex
924 617 1035 654 novis
1074 616 1230 661 tabulis,
1265 616 1355 666 quia

164 699 290 735 nuper
319 693 474 735 captare
504 698 592 722 eum
622 690 813 734 coeperat,
837 682 1008 720 medicos
1038 681 1198 726 hortari,
1222 694 1355 731 rogan¹

127 759 322 799 squequo
356 748 473 787 modo
512 748 693 798 spiritum
733 747 883 785 homini
920 751 1185 796 prorogarent.
1255 752 1357 795 post-

165 827 282 863 quam
322 814 521 863 signatum
555 819 615 850 est
647 817 940 857 testamentum,
975 816 1105 848 mutat
1138 823 1354 860 personam,

166 878 285 916 vertit
333 877 634 923 adlocutionem,
674 876 877 926 isdemque
926 875 1086 913 medicis
1128 879 1355 925 ‘quousque

164 943 351 981 miserum
385 942 566 979 cruciatis
582 943 594 979 ’.ἲ
637 941 733 991 quid
768 940 955 978 invidetis
990 939 1093 977 bona
1131 944 1257 977 morte
1296 939 1355 976 eui

165 1008 258 1046 dare
279 1007 402 1044 vitam
422 1020 501 1044 non
529 1006 694 1056 potestis
709 1005 743 1042 2⁷
800 1005 970 1043 moritur
993 1003 1164 1050 Blaesus,
1194 1009 1233 1041 et
1262 1010 1356 1041 tam-

165 1086 281 1123 quam
316 1072 447 1109 omnia
476 1070 661 1113 audisset,
693 1069 846 1120 Regulo
874 1083 924 1107 ne
954 1068 1153 1106 tantulum
1183 1068 1352 1118 quidem.

127 1137 362 1176 9suffieiunt
395 1136 495 1174 duae
530 1135 696 1181 fabulae,
733 1148 779 1172 an
820 1133 1050 1171 scholastica
1082 1133 1165 1183 lege
1199 1133 1356 1170 tertiam

109 1214 147 1244 10
165 1201 317 1251 poscis?
354 1206 413 1238 est
446 1199 551 1238 unde
582 1200 661 1237 fiat.
719 1198 892 1243 Aurelia,
925 1204 1064 1235 ornata
1092 1197 1248 1244 femina,
1285 1197 1357 1247 sig-

162 1272 304 1304 natura
324 1270 606 1302 testamentum
631 1268 851 1313 sumpserat
879 1262 1162 1312 pulcherrimas
1190 1262 1353 1300 tunicas

164 1330 338 1381 Regulus
368 1343 455 1368 eum
485 1329 658 1367 venisset
691 1327 740 1365 ad
774 1326 1022 1378 signandum,
1055 1324 1198 1377 ‘rogo'
1227 1327 1357 1377 inquit

108 1408 143 1437 ll
166 1396 259 1433 ‘has
285 1395 383 1432 mihi
409 1393 537 1444 leges?
594 1393 757 1431 Aurelia
785 1392 919 1430 ludere
948 1391 1149 1429 hominem
1178 1392 1354 1441 putabat,

162 1461 228 1498 ille
248 1460 348 1497 serio
367 1459 542 1496 instabat
562 1474 568 1496 :
598 1471 646 1495 ne
666 1456 803 1503 multa,
826 1457 950 1507 coegit
975 1456 1179 1494 mulierem
1207 1457 1356 1505 aperire

162 1526 317 1564 tabulas
354 1538 397 1562 ac
436 1523 511 1561 sibi
549 1523 704 1560 tunicas
747 1535 844 1572 quas
888 1528 972 1559 erat
1015 1521 1156 1559 induta
1202 1521 1355 1572 legare:

163 1589 387 1629 observavit
426 1588 673 1633 scribentem,
708 1586 882 1636 inspexit
921 1599 970 1624 an
1008 1586 1234 1635 scripsisset.
1318 1593 1357 1623 et

163 1656 324 1694 Aurelia
369 1653 529 1704 quidem
567 1652 678 1699 vivit,
719 1651 783 1689 ille
827 1657 960 1689 tamen
1003 1650 1109 1688 istud
1156 1656 1356 1700 tamquam

162 1720 395 1758 morituram
434 1718 569 1767 co'e'git.
647 1722 686 1754 et
724 1716 785 1754 hic
824 1715 1075 1761 hereditates,
1115 1714 1177 1752 hie
1214 1714 1353 1765 legata,

107 1793 144 1823 12
163 1785 273 1835 quasi
315 1787 522 1828 mereatur,
557 1780 710 1831 accipit.
780 1779 886 1816 ἀλλὰ
913 1779 953 1816 τί
980 1778 1208 1827 διατείνομαι
1238 1779 1280 1816 in
1313 1794 1356 1817 ea

163 1850 336 1893 civitate,
370 1848 411 1885 in
447 1860 524 1896 qua
557 1846 632 1883 iam
674 1845 826 1895 pridem
864 1857 944 1882 uon
982 1844 1134 1881 minora
1171 1844 1354 1893 praemia,

162 1915 282 1952 immo
303 1913 462 1958 maiora,
484 1910 662 1960 nequitia
688 1916 727 1948 et
755 1908 987 1959 improbitas
1016 1922 1133 1958 quam
1161 1908 1291 1958 pudor
1318 1916 1357 1946 et

105 1987 144 2018 13
164 1979 291 2016 virtus
315 1977 491 2014 habeut?
559 1975 686 2024 aspice
708 1973 915 2024 Regulum,
944 1973 1011 2023 qui
1041 1986 1090 2010 ex
1118 1986 1290 2023 paupere
1317 1979 1357 2010 et

163 2043 272 2082 tenui
306 2042 355 2080 ad
388 2046 519 2078 tantas
553 2053 645 2090 opes
685 2052 753 2089 per
791 2037 939 2088 flagitia
973 2037 1163 2087 processit
1196 2049 1241 2075 ut
1273 2037 1356 2088 ipse
