1492 2469
372 253 715 286 EPISTULARUM
740 254 767 285 I.
795 262 914 286 X.-xn.
1191 257 1236 294 17

50 359 187 396 urbem
215 358 392 408 proxime
421 358 574 395 veneris
602 357 752 407 (venias
776 362 907 395 autem
936 357 986 395 ob
1015 358 1087 396 hoc
1116 363 1239 396 matu-

50 423 158 470 rius),
194 422 252 460 illi
289 427 329 461 te
363 422 645 473 expoliendum
683 422 981 472 limandumque
1019 423 1235 473 permittas.

50 500 177 537 neque
210 487 315 525 enim
354 500 436 537 ego,
473 493 518 525 ut
548 487 677 534 multi,
713 486 871 524 invideo
905 486 990 524 aliis
1023 487 1127 524 bono
1161 500 1238 537 quo
1260 489 1298 519 12

49 553 131 602 ipse
160 565 282 599 careo,
305 551 373 590 sed
403 557 540 590 contra
568 564 723 590 sensum
754 551 950 602 quendam
980 552 1239 601 voluptatem-

50 629 124 666 que
144 616 327 666 percipio,
350 617 381 654 si
402 630 447 654 ea
467 630 566 666 quae
586 616 684 654 mihi
704 616 951 667 denegantur
970 616 1104 654 amicis
1124 616 1238 656 video

49 694 259 732 superesse.
317 681 413 719 vale.

607 784 677 824 XI.

303 883 337 912 C.
358 882 528 911 PLINIUS
553 882 678 911 FABIO
703 882 829 912 IUSTO
855 883 935 912 SUO
962 883 992 913 S.

197 962 297 998 Pliny
311 962 392 990 twits
406 961 525 990 Fabius
539 961 612 990 with
628 961 717 997 bez'ny
731 970 751 989 α
767 961 828 990 bad
843 962 1090 998 correspondent.

102 1033 206 1072 Olim
253 1032 350 1070 mihi
396 1032 524 1070 nullas
572 1032 762 1082 epistulas
810 1033 946 1070 mittis.
1019 1033 1118 1071 nihil
1165 1041 1234 1077 est,
1257 1037 1271 1067 1

46 1099 187 1149 inquis,
228 1097 334 1148 quod
372 1097 550 1135 scribam.
621 1102 662 1135 at
699 1096 772 1135 hoc
809 1097 939 1147 ipsum
976 1098 1100 1136 scribe
1139 1099 1236 1136 nihil

47 1177 128 1202 esse
166 1162 273 1214 quod
310 1162 466 1207 scribas,
507 1161 568 1200 vel
606 1161 731 1199 solum
778 1161 877 1199 illud
923 1162 1030 1200 unde
1067 1163 1236 1213 incipere

48 1229 194 1279 priores
213 1227 393 1265 solebant
416 1227 471 1264 ‘si
492 1226 608 1273 vales,
632 1226 731 1264 bene
752 1232 812 1264 est
827 1242 837 1275 3
867 1240 939 1277 ego
958 1227 1094 1265 valeo.’
1164 1228 1236 1267 hoc

46 1292 142 1331 mihi
163 1291 304 1330 sufficit
313 1306 321 1339 3
351 1297 410 1329 est
430 1291 535 1329 enim
554 1291 782 1329 maximum.
840 1291 978 1329 ludere
1007 1305 1068 1330 me
1098 1296 1236 1343 putas?

46 1357 144 1396 serio
173 1362 275 1407 peto.
343 1356 403 1394 fac
430 1356 548 1394 sciam
575 1355 672 1406 quid
698 1369 800 1406 agaS,
823 1355 929 1406 quod
949 1356 1033 1395 sine
1053 1356 1236 1396 sollicitu-
1253 1365 1274 1395 2

46 1423 136 1461 «line
157 1434 309 1460 summa
328 1421 476 1459 nescire
497 1434 577 1459 non
597 1434 767 1471 possum.
826 1420 923 1459 vale.

596 1539 687 1577 XII.

244 1638 277 1667 C.
298 1637 468 1667 PLINIUS
494 1637 724 1666 CALESTRIO
750 1637 895 1667 TIRONI
921 1637 1002 1668 SUO
1027 1638 1058 1668 S.

83 1718 184 1753 Pliny
207 1717 414 1747 lamentszcne
441 1717 533 1745 death
561 1716 597 1752 of
625 1716 778 1746 Corellius
805 1716 921 1752 Rufus,
947 1718 1012 1746 who
1040 1719 1236 1755 voluntari&

45 1767 168 1796 scurz-ed
188 1766 319 1803 himself.

98 1837 293 1875 Iacturam
321 1837 592 1887 gravissimam
621 1836 705 1883 feci,
737 1837 769 1874 si
802 1837 952 1876 iactura
981 1838 1147 1878 dicenda
1176 1847 1232 1878 est
1255 1851 1269 1880 l

46 1902 147 1940 tanti
193 1902 267 1940 viri
314 1902 480 1940 amissio.
564 1901 732 1939 decessit
778 1902 970 1941 Corellius
1016 1904 1155 1952 Rufus,
1194 1911 1235 1943 et

46 1966 205 2017 quidem
232 1972 384 2017 sponte,
406 1965 511 2017 quod
540 1965 717 2004 dolorem
746 1980 877 2004 meum
906 1968 1116 2007 exulcerat.
1175 1976 1234 2008 est

46 2031 152 2070 enim
197 2031 530 2069 luctuosissimum
576 2044 699 2080 genus
746 2031 884 2069 mortis
931 2045 1030 2082 quae
1068 2047 1146 2072 non
1185 2047 1232 2072 ex

48 2102 190 2134 natura
221 2109 292 2134 nec
325 2095 455 2134 fatalis
488 2095 658 2133 videtur.
727 2108 818 2133 nam
846 2101 1060 2147 utcumque
1088 2098 1130 2136 in
1157 2098 1234 2137 illis
1251 2106 1272 2137 2

632 2160 656 2186 Β
