1492 2469
169 218 217 254 36
662 217 703 249 C.
722 217 853 249 PLINI

167 329 449 360 sacrosanctam
480 328 519 360 et
547 336 664 373 quam
693 323 733 360 in
763 322 941 360 ordinem
961 323 1045 374 cogi
1065 328 1109 361 ut
1129 337 1151 361 a
1170 322 1279 361 nullo
1298 323 1355 360 ita

127 388 149 419 2
168 399 215 424 ne
245 400 268 424 a
300 400 340 425 se
373 387 532 437 quidem
562 387 706 425 deceat.
766 387 848 437 ipse
883 400 970 425 cum
1003 387 1184 426 tribunus
1218 400 1352 434 essem,

167 451 377 489 erraverim
406 451 569 490 fortasse
599 452 664 501 qui
698 464 760 489 me
793 451 943 502 aliquid
972 452 1120 501 putavi,
1155 451 1220 490 sed
1260 458 1358 489 tam-

166 528 285 565 quam
314 529 449 561 essem,
477 515 650 553 abstinui
679 515 803 554 causis
832 515 1017 566 agendis:
1047 516 1228 566 primum,
1250 516 1354 567 quod

166 579 339 617 deforme
367 580 605 625 arbitrabar,
641 581 701 618 cui
740 580 960 631 adsurgere,
1001 581 1062 619 cui
1099 580 1182 619 loco
1219 581 1358 620 cedere

165 645 292 682 omnis
322 650 532 696 oporteret,
563 645 666 683 hunc
695 646 877 684 omnibus
904 645 1132 684 sedentibus
1161 651 1287 692 stare3
1316 651 1356 683 et

166 709 234 759 qui
253 709 386 748 iubere
406 715 537 760 posset
566 715 692 748 tacere
722 723 1015 760 quemcumque,
1038 709 1129 747 huic
1155 709 1355 748 silentium

166 774 373 824 clepsydra
400 774 521 812 indici
535 789 544 822 3
575 781 613 812 et
639 788 754 825 quem
779 775 959 813 interfari
987 774 1095 812 nefas
1116 779 1230 822 esset,
1249 774 1356 812 hunc

166 838 284 876 etiam
311 839 485 876 convicia
511 838 657 885 audire,
679 844 718 877 et
738 839 771 876 si
790 838 916 876 inulta
939 843 1154 889 pateretur,
1175 839 1355 885 inertem,

126 911 148 943 3
166 903 197 940 si
226 902 490 949 ulcisceretur,
522 903 756 941 insolentem
785 903 922 941 videri,
991 909 1075 941 erat
1103 903 1166 941 hic
1199 916 1354 953 quoque

166 972 294 1005 aestus
324 973 415 1005 ante
435 967 578 1014 oculos,
601 968 632 1005 si
652 968 753 1006 forte
782 981 843 1006 me
873 967 1106 1018 appellasset
1126 967 1188 1006 vel
1208 967 1274 1005 ille
1294 967 1354 1005 cui

166 1032 341 1070 adessem
355 1032 417 1070 vel
434 1032 498 1070 ille
514 1046 629 1083 quem
646 1038 792 1081 contra,
807 1033 1090 1071 intercederem
1108 1037 1147 1071 et
1163 1032 1355 1070 auxilium

164 1097 318 1142 ferrem,
351 1110 401 1134 an
435 1097 673 1147 quiescerem
711 1098 942 1148 sileremque
981 1103 1021 1136 et
1058 1097 1170 1147 quasi
1203 1096 1357 1135 eiurato

126 1175 147 1204 4
166 1161 398 1212 magistratu
418 1162 617 1211 privatum
638 1162 721 1212 ipse
740 1176 802 1200 me
822 1163 998 1201 facerem.
1056 1162 1118 1200 his
1138 1161 1357 1200 rationibus

164 1231 305 1273 motus,
336 1225 456 1264 malui
485 1239 547 1264 me
576 1226 779 1264 tribunum
809 1227 989 1265 omnibus
1023 1226 1209 1265 exhibere
1238 1239 1354 1276 quam

125 1302 147 1334 5
165 1291 299 1342 paucis
328 1290 569 1329 advocatum.
630 1291 697 1329 sed
724 1296 779 1339 tu,
801 1292 944 1330 iterum
973 1291 1113 1338 dicam„
1141 1291 1354 1342 plurimum

164 1356 329 1394 interest
358 1354 454 1405 quid
483 1368 564 1393 esse
593 1355 838 1393 tribunatum
860 1361 984 1406 puteS,
1008 1369 1125 1406 quam
1148 1368 1353 1405 personam

164 1420 237 1458 tibi
266 1420 444 1470 inponas,
476 1433 575 1469 quae
609 1420 777 1470 sapienti
811 1420 895 1458 viro
926 1420 981 1458 ita
1013 1419 1186 1470 aptanda
1219 1424 1278 1458 est
1310 1425 1356 1456 ut

163 1484 392 1534 perferatur.
451 1483 547 1522 vale.

671 1595 849 1633 XXIIII.

368 1681 401 1710 C.
423 1681 593 1710 PLINIUS
618 1681 772 1710 BAEBIO
798 1682 984 1712 HISPANO
1010 1681 1090 1712 SUO
1116 1683 1147 1711 S.

201 1748 302 1784 Pliny
317 1749 384 1777 tells
392 1749 561 1785 Hispcmvs
576 1749 642 1777 that
658 1749 788 1785 Tranqu
795 1750 869 1778 illus
883 1750 989 1779 wishes
1004 1752 1032 1778 to
1047 1749 1108 1786 buy
1122 1759 1141 1778 (ι
1149 1749 1241 1786 farm
1256 1750 1354 1779 which

161 1809 181 1827 (ι
190 1799 305 1834 friend
318 1799 354 1835 of
371 1799 538 1835 Hispanus
553 1800 659 1829 wishes
673 1803 702 1828 lo
716 1800 779 1835 seu,
797 1800 865 1828 and
883 1800 952 1829 ask-s
966 1801 1014 1829 tlte
1029 1800 1122 1829 latter
1136 1803 1165 1829 to
1179 1809 1224 1829 see
1237 1800 1305 1829 that
1319 1801 1355 1830 lte

160 1853 222 1885 [sets
236 1850 263 1878 it
276 1852 310 1878 at
324 1858 343 1878 α
360 1849 540 1878 reasonable
549 1850 647 1885 price.

124 1931 139 1962 1
215 1925 482 1976 Tranquillus,
513 1926 806 1964 contubernalis
834 1939 954 1973 meus,
982 1925 1069 1964 vult
1099 1939 1227 1964 emere
1255 1926 1353 1977 agel-

160 1990 243 2028 lum
263 2003 379 2040 quem
400 1990 604 2028 venditare
625 1990 771 2028 amicus
791 1996 883 2029 tuus
903 1990 1058 2028 dicitur.
1129 2003 1223 2042 rogo
1243 2004 1353 2029 cures

160 2055 298 2105 quanti
319 2068 485 2105 aequum
511 2059 571 2092 est
597 2060 724 2093 emat:
753 2055 809 2093 ita
835 2055 940 2093 enim
971 2054 1181 2093 delectabit
1201 2055 1351 2093 emisse.
