1492 2469
146 237 195 274 38
640 237 676 268 C.
699 236 832 268 PLIM

142 340 287 391 scripta
320 341 368 379 de
402 354 441 379 se
475 341 657 387 carmina,
690 340 786 391 legit
818 341 1001 379 historias
1034 348 1074 380 et
1111 342 1333 393 posteritati

143 419 235 443 suae
268 405 460 444 interfuit.
529 406 760 456 perfunctus
798 415 854 444 est
887 407 1006 444 tertio
1040 407 1254 455 consulatu,
1289 413 1334 444 ut

144 483 342 508 summum
379 470 580 521 fastigium
627 470 771 521 privati
819 470 989 509 hominis
1026 471 1205 522 inpleret,
1246 485 1334 510 cum

104 543 125 574 3
143 535 331 585 principis
351 535 552 573 noluisset.
613 535 797 573 Caesares
825 535 967 585 quibus
994 541 1196 586 suspectus
1216 542 1337 586 atque

144 599 265 637 etiam
293 599 444 637 invisus
469 599 686 637 virtutibus
706 599 833 637 fuerat
853 600 988 647 evasit,
1011 600 1170 651 reliquit
1190 601 1335 639 incolu-

144 677 248 701 mem
268 664 461 714 optimum
482 669 601 714 atque
629 664 917 711 amicissimum,
941 670 1142 715 tamquam
1163 666 1212 703 ad
1231 665 1337 703 hunc

104 738 126 766 4
145 729 275 779 ipsum
309 729 498 767 honorem
527 729 674 779 publici
704 729 851 767 funeris
885 735 1116 767 reservatus.
1188 743 1334 768 annum

145 794 305 831 tertium
340 798 380 831 et
413 794 722 844 octogensimum
752 794 918 832 excessit
946 794 987 831 in
1017 794 1206 832 altissima
1233 799 1336 832 tran-

144 857 350 907 quillitate,
367 858 450 908 pari
467 858 730 896 veneratione.
789 871 880 896 usus
897 862 955 896 est
971 859 1082 896 firma
1097 858 1334 903 valetudine,

145 922 219 959 nisi
249 921 354 972 quod
383 921 562 960 solebant
592 922 626 960 ei
655 935 792 960 manus
822 927 1001 969 tremere,
1032 923 1129 960 citra
1161 922 1335 961 dolorem

145 992 288 1024 tamen.
360 985 490 1024 aditus
511 991 668 1024 tantum
688 987 826 1024 mortis
852 986 986 1025 durior
1005 986 1247 1038 longiorque,
1268 988 1336 1025 sed

107 1062 126 1090 5
145 1051 207 1088 hic
245 1050 329 1101 ipse
366 1049 583 1088 laudabilis.
661 1064 752 1088 nam
790 1064 877 1088 cuni
915 1064 1050 1089 vocem
1089 1058 1338 1102 praepararet

144 1120 302 1154 acturus
323 1115 364 1152 in
385 1115 589 1153 consulatu
611 1115 778 1165 principi
804 1116 960 1166 gratias,
982 1115 1080 1153 liber
1100 1129 1217 1166 quem
1236 1116 1341 1154 forte

145 1184 348 1230 acceperat
376 1179 624 1230 grandiorem
655 1185 694 1217 et
724 1180 807 1217 seni
837 1183 877 1217 et
905 1179 1027 1216 stanti
1056 1179 1140 1229 ipso
1166 1179 1341 1230 pondere

145 1245 300 1295 elapsus
321 1249 389 1282 est.
449 1243 552 1281 hunc
573 1243 668 1281 dum
696 1243 872 1293 sequitur
898 1243 1136 1294 colligitque,
1158 1257 1228 1294 per
1253 1244 1341 1282 leve

145 1315 185 1348 et
204 1309 399 1346 lubricum
419 1308 692 1359 pavimentum
718 1308 879 1346 fallente
908 1308 1074 1358 vestigio
1094 1308 1235 1346 cecidit
1254 1322 1340 1346 cox-

145 1386 286 1424 amque
319 1373 450 1423 fregit,
481 1386 580 1423 quae
615 1386 753 1422 parum
787 1377 876 1422 apte
906 1372 1094 1410 collocata
1122 1372 1340 1411 reluctante

107 1447 128 1478 6
147 1444 274 1477 aetate
320 1438 422 1476 male
470 1437 572 1475 coiit.
649 1437 764 1475 huius
802 1436 876 1474 viri
925 1437 1112 1486 exequiae
1153 1450 1339 1488 magnum

146 1508 423 1542 ornamentum
438 1502 619 1552 principi,
636 1514 823 1552 magnum
839 1500 1003 1548 saeculo,
1019 1514 1205 1552 magnum
1221 1502 1340 1540 etiam·

145 1569 230 1606 foro
265 1572 305 1606 et
337 1567 474 1605 rostris
513 1566 743 1604 attulerunt.
820 1565 1003 1603 laudatus
1036 1571 1096 1603 est
1129 1580 1151 1604 a
1184 1566 1343 1605 consule·

147 1632 332 1672 Cornelio
365 1632 527 1670 Tacito:
570 1645 661 1668 nam
699 1630 762 1668 hic
801 1643 1004 1680 supremus
1041 1630 1219 1669 felicitati
1257 1631 1344 1668 eius

109 1703 128 1737 7
149 1697 327 1736 cumulus
357 1696 528 1743 accessit,
563 1695 746 1733 laudator
779 1694 1132 1744 eloquentissimus.
1204 1700 1243 1732 et
1275 1695 1339 1733 ille

149 1762 308 1813 quidem
345 1761 485 1811 plenus
522 1760 636 1798 annis
675 1760 783 1805 abiit,
823 1759 961 1809 plenus
998 1759 1224 1805 honoribus,
1262 1759 1340 1797 illis

149 1828 268 1865 ctiam
306 1839 402 1877 quos
441 1825 658 1863 recusavit:
698 1824 812 1863 nobis
849 1829 981 1861 tamen
1019 1823 1265 1874 quaerendus
1298 1837 1340 1862 ac

149 1890 432 1930 desiderandus
462 1895 520 1928 est
549 1894 595 1927 ut
623 1889 822 1939 exemplar
848 1889 931 1926 aevi
952 1888 1105 1938 prioris,
1126 1888 1223 1925 mihi
1248 1902 1343 1926 vero

149 1957 367 2007 praecipue,
408 1955 475 2005 qui
513 1954 625 1992 illum
663 1967 743 1991 non
786 1952 911 1991 solum
957 1952 1111 2002 publice
1149 1958 1340 2002 quantum

112 2033 131 2064 8
150 2021 372 2060 admirabar
400 2024 557 2058 tantum
585 2018 797 2069 diligebam
812 2033 822 2066 3
850 2017 1021 2068 primum
1050 2017 1155 2067 quod
1183 2017 1341 2068 utrique

151 2086 287 2124 eadem
320 2084 439 2135 regio,
473 2083 686 2134 municipia
718 2082 896 2129 finitima,
932 2081 1015 2133 agri
1048 2082 1167 2120 etiam
1195 2095 1342 2132 posses-
