1492 2469
188 240 211 275 g
685 237 720 268 (3.
743 236 876 268 PLINI

189 350 324 379 nmtuo
355 355 433 379 non
466 341 591 380 solum
622 341 753 379 omnia
781 354 867 379 mea
895 341 998 379 facta
1026 341 1209 391 dictaque
1238 355 1375 380 verum

185 406 303 443 etiam
325 406 486 444 consilia
505 419 744 457 cognoscere.
804 405 900 443 vale.

745 577 814 615 VI.

384 692 416 720 c.
438 691 609 721 PLINIUS
635 691 844 721 CORNELIO
869 690 1021 720 TAcrro
1047 690 1128 720 suo
1154 691 1186 722 s,

224 787 323 821 Pliny
339 787 406 815 tells
424 787 554 815 Tacitus
568 787 617 815 llis
631 787 741 816 double
751 787 818 822 scat
834 787 869 823 of
880 787 1017 822 Ιιιιηίὶηῃ
1032 787 1098 815 and
1113 786 1265 823 stud-uina
1279 790 1312 815 at
1326 787 1375 815 the

183 845 266 865 same
286 837 367 865 time.
412 837 453 865 M
456 837 574 873 merra,
595 837 630 865 Ite
651 846 731 873 says,
749 837 892 866 wavders
912 846 951 865 on
974 837 1022 865 clm
1043 837 1233 872 „mummium
1252 845 1287 866 as
1307 838 1374 866 well

183 896 218 914 «es
232 886 352 915 Diana.

150 991 157 1019 1
236 975 411 1021 Ridebis,
434 981 474 1014 et
493 976 583 1013 licet
604 975 741 1013 rideas.
800 988 870 1026 ego
890 975 955 1013 ille
983 988 1100 1026 quem
1126 975 1231 1013 nosti
1260 988 1374 1025 apros

184 1046 263 1077 tres
301 1045 340 1077 et
377 1040 538 1090 quidem
575 1040 857 1090 pulcherrimos
896 1040 990 1090 cepi.
1065 1040 1181 1089 ipse?
1229 1039 1370 1090 inquis.

183 1105 265 1154 ipse
284 1120 293 1152 3
321 1118 401 1143 non
421 1110 554 1142 tamen
574 1110 619 1142 ut
639 1104 798 1142 omnino
826 1105 873 1142 ab
899 1104 1043 1142 inertia
1067 1117 1154 1142 mea
1177 1118 1217 1142 et
1240 1104 1373 1154 quiete

182 1169 438 1208 discederem.
508 1169 557 1207 ad
578 1170 678 1206 retia
698 1168 899 1206 sedebam:
930 1174 1013 1206 erat
1033 1169 1073 1206 in
1093 1168 1272 1218 proximo
1292 1181 1370 1206 non

185 1234 421 1272 venabulum
469 1239 538 1271 aut
584 1233 728 1280 lancea,
776 1233 844 1271 sed
891 1233 1004 1270 stilus
1050 1239 1090 1270 et
1136 1232 1371 1283 pugillares:

183 1298 402 1336 meditabar
429 1298 577 1348 aliquid
604 1297 901 1347 enotabamque,
924 1302 980 1344 ut,
1003 1297 1035 1334 si
1059 1310 1197 1340 manus
1217 1310 1370 1344 vacuas,

183 1363 316 1413 plenas
342 1367 474 1401 tamen
502 1376 609 1400 ceras
638 1367 891 1412 reportarem.
961 1374 1041 1399 non
1067 1366 1127 1399 est
1152 1361 1257 1411 quod
1286 1375 1373 1400 con—

182 1434 333 1465 temnas
363 1427 435 1465 hoc
470 1426 655 1465 studendi
681 1439 813 1477 genus.
884 1426 1027 1463 mirum
1058 1432 1117 1464 est
1144 1431 1190 1464 ut
1218 1426 1372 1464 animus

180 1491 395 1542 agitatione
415 1497 603 1542 motuque
629 1491 800 1541 corporis
828 1491 1029 1529 excitetur.
1089 1491 1167 1528 iam
1196 1490 1371 1541 undique

182 1557 301 1594 silvae
340 1562 380 1594 et
418 1556 588 1594 solitudo
627 1556 834 1606 ipsumque
881 1555 980 1593 illud
1027 1555 1227 1593 silentium
1265 1555 1371 1605 quod

182 1621 382 1658 venationi
403 1620 522 1659 datur
540 1634 683 1671 magna
709 1620 959 1670 cogitationis
986 1620 1241 1658 incitamenta
1264 1625 1366 1657 sunt.

144 1713 163 1743 3
183 1685 346 1737 proinde
380 1699 468 1724 cum
508 1686 712 1732 venabere,
748 1685 883 1723 licebit
915 1690 1073 1723 auctore
1105 1698 1167 1722 me
1200 1689 1246 1722 ut
1278 1697 1370 1734 pan-

181 1751 308 1788 arium
346 1755 386 1788 et
431 1749 681 1800 lagunculam
728 1749 782 1787 sic
831 1749 950 1787 etiam
998 1748 1209 1799 pugillares
1254 1748 1365 1786 feras.

183 1814 394 1865 experieris
460 1828 539 1851 non
594 1814 765 1851 Dianam
819 1813 943 1865 magis
999 1813 1200 1851 montibus
1251 1826 1367 1863 quam

183 1880 403 1917 Minervam
423 1879 604 1917 inerrare.
662 1878 758 1917 vale.
