1492 2469
216 217 267 253 52
715 216 753 250 C.
774 216 906 248 PLINI

217 321 325 359 sione
347 320 494 359 iudices
515 321 641 371 petiit.
705 335 775 371 ego
797 327 835 359 et
857 321 1063 360 Cornelius
1084 322 1253 370 Tacitus,
1275 322 1410 361 adesse

219 385 528 436 provincialibus
553 385 659 431 iussi,
685 386 998 424 existimavimus
1024 386 1115 425 fidei
1140 394 1298 426 nostrae
1324 401 1410 426 con-

219 451 354 489 venire
388 456 529 488 notum
558 450 711 488 senatui
744 450 870 488 facere
905 451 1112 489 excessisse
1146 451 1323 490 Priscum
1355 452 1408 490 in—

218 515 409 553 manitate
453 520 492 553 et
535 515 699 553 saevitia
741 515 905 553 crimina
947 516 1088 565 quibus
1130 516 1216 554 dari
1261 516 1408 555 iudices

216 585 387 630 possent,
428 593 516 618 cum
559 579 608 617 ob
650 579 880 617 innocentes
926 579 1255 626 condemnandos,
1292 581 1410 619 inter-

176 651 196 681 3
217 644 403 683 ficiendos
460 646 591 689 etiam,
657 644 842 694 pecunias
898 645 1119 695 accepisset.
1205 645 1408 696 respondit

214 709 363 747 Fronto
412 708 548 747 Catius
600 708 911 759 deprecatusque
959 716 1017 746 est
1063 722 1112 747 ne
1160 709 1255 759 quid
1305 709 1409 747 ultra

214 773 526 824 repetundarum
554 773 680 823 legem
709 779 973 823 quaereretur,
1004 773 1213 823 omniaque
1243 773 1408 812 actionis

214 851 306 876 suae
331 838 428 885 vela,
457 837 517 875 vir
543 837 826 875 movendarum
855 837 1105 876 lacrimarum
1134 838 1405 888 peritissimus,

175 902 384 953 4quodam
420 903 531 941 velut
564 908 683 940 vento
717 903 980 941 miserationis
1014 902 1189 952 inplevit.
1267 916 1410 954 magna

214 967 426 1013 contentio,
445 966 577 1018 magni
597 967 797 1017 utrimque
819 967 1018 1014 clamores,
1036 967 1122 1005 aliis
1142 968 1406 1018 cognitionem

213 1037 371 1070 senatus
405 1032 489 1083 lege
521 1031 741 1070 conclusam
771 1032 856 1070 aliis
884 1032 1049 1070 liberam
1078 1032 1324 1083 solutamque
1354 1032 1410 1071 di-

213 1097 405 1145 centibus,
434 1103 708 1148 quantumque
738 1097 962 1135 admisisset
988 1111 1076 1135 reus
1102 1103 1259 1135 tantum
1283 1097 1407 1136 vindi-

173 1169 194 1199 5
212 1162 391 1201 candum.
463 1162 675 1200 novissime
704 1162 839 1200 consul
868 1162 1095 1212 designatus
1119 1163 1244 1201 Iulius
1266 1162 1407 1210 Ferox,

212 1228 274 1266 vir
299 1233 428 1266 rectus
458 1233 497 1265 et
526 1233 694 1274 sanctus,
723 1227 851 1265 Mario
881 1227 1042 1277 quidem
1070 1227 1220 1266 iudices
1247 1228 1405 1266 interim

211 1292 363 1331 censuit
400 1291 560 1338 dandos,
602 1291 820 1330 evocandos
858 1297 989 1330 autem
1027 1292 1169 1342 quibus
1211 1292 1408 1331 diceretur

174 1363 194 1394 6
211 1357 482 1395 innocentium
508 1370 654 1406 poenas
677 1356 912 1394 vendidisse.
981 1370 1079 1407 quae
1106 1358 1304 1395 sententia
1328 1371 1403 1396 non

211 1421 435 1472 praevaluit
454 1421 583 1467 modo,
606 1421 674 1460 sed
695 1421 854 1459 omnino
878 1427 967 1472 post
987 1428 1118 1460 tantas
1144 1422 1407 1461 dissensiones

211 1486 289 1524 fuit
318 1486 399 1524 sola
427 1486 624 1536 frequens,
652 1485 965 1536 adnotatumque
994 1486 1273 1536 experimentis
1302 1487 1406 1537 quod

211 1551 323 1589 favor
361 1556 400 1589 et
437 1550 704 1589 misericordia
746 1563 852 1588 acres
891 1557 930 1588 et
967 1551 1219 1590 vehementes
1260 1552 1407 1602 primos

211 1616 381 1666 impetus
416 1615 574 1661 habent,
611 1614 801 1665 paulatim
834 1614 995 1653 consilio
1033 1621 1072 1653 et
1109 1616 1261 1654 ratione
1295 1617 1405 1666 quasi

173 1681 399 1722 7restincta
437 1679 658 1718 considunt.
733 1678 838 1717 unde
886 1679 1018 1717 evenit
1063 1685 1109 1717 ut
1147 1679 1253 1730 quod
1290 1680 1404 1719 multi

211 1745 380 1783 clamore
418 1745 616 1794 permixto
654 1749 817 1782 tuentur
855 1756 970 1782 nemo
1008 1744 1229 1782 tacentibus
1267 1745 1408 1783 ceteris

211 1809 341 1848 dicere
369 1809 490 1847 velit:
529 1808 696 1859 patescit
730 1808 844 1854 enim,
877 1821 965 1846 cum
999 1809 1189 1859 separaris
1221 1822 1244 1847 a
1276 1810 1404 1857 turba,

172 1883 192 1914 8
211 1874 491 1924 contemplatio
514 1886 647 1911 rerum
673 1886 772 1923 quae
798 1872 915 1910 turba
940 1879 1138 1923 teguntur.
1210 1881 1406 1912 venerunt

211 1939 280 1990 qui
301 1939 435 1977 adesse
456 1944 568 1976 erant
588 1937 696 1983 iussi,
718 1936 905 1975 Vitellius
933 1937 1161 1976 Honoratus
1185 1943 1225 1976 et
1245 1938 1406 1976 Flavius

209 2004 463 2042 Marcianus:
502 2016 551 2041 ex
580 2003 725 2053 quibus
759 2001 989 2040 Honoratus
1023 2003 1210 2041 trecentis
1244 2003 1406 2042 milibus

211 2068 372 2107 exilium
411 2067 554 2118 equitis
591 2066 762 2106 Romani
805 2072 1033 2117 septemque
1071 2068 1283 2106 amicorum
1322 2068 1404 2107 eius
