1492 2469
212 232 264 269 50
712 233 748 265 C.
774 233 902 265 PLINI

173 347 192 376 5
210 335 312 374 novi.
376 349 510 375 omnes
531 350 592 375 me
613 337 793 375 certatim
813 343 853 376 et
868 343 1000 376 tamen
1021 339 1236 388 aequaliter
1255 344 1398 385 amant,

210 401 390 439 omnibus
424 415 528 439 nunc
562 415 633 452 ego
664 402 704 439 in
738 416 817 440 uno
851 403 993 441 referre
1027 404 1191 453 gratiam
1227 416 1397 453 possum.

207 465 340 516 itaque
369 479 510 516 prenso
539 466 695 514 amicos,
717 467 905 518 supplico,
936 467 1076 514 ambio,
1104 467 1241 506 domos
1269 467 1401 506 statio-

209 544 354 581 nesque
368 532 571 578 circumeo,
588 538 858 582 quantumque
871 533 932 570 vel
949 533 1183 571 auctoritate
1196 533 1259 571 vel
1274 533 1401 583 gratia

172 604 190 633 (ἰ
209 595 358 633 valeam
397 597 575 646 precibus
614 597 804 647 experior.
882 604 920 635 te
958 611 1114 648 (pioque
1159 598 1318 636 obsecro
1356 603 1400 635 ut

209 662 379 712 aliquam
418 662 546 700 oneris
584 663 660 701 mei
698 668 850 713 partem
889 663 1083 713 suscipere
1126 663 1228 701 tanti
1271 668 1395 714 putes.

208 725 371 764 reddam
387 726 524 773 vicem,
548 726 580 764 si
600 740 789 777 reposces,
812 726 975 765 reddam
997 733 1036 765 et
1056 727 1087 765 si
1108 741 1187 765 non
1208 741 1394 778 reposces.

208 791 391 842 diligeris,
415 791 561 837 coleris,
583 792 843 842 frequentaris
860 808 866 830 :
906 792 1069 831 ostende
1089 792 1206 831 modo
1227 792 1326 831 velle
1346 797 1396 839 te,

207 870 278 895 nec
298 856 462 895 deerunt
483 857 550 907 qui
571 857 673 907 quod
697 864 741 896 tu
762 858 858 895 velis
879 858 1050 908 cupiant.
1109 858 1204 896 vale.

777 997 825 1034 X.

497 1083 530 1113 c.
557 1084 727 1112 PLINIUs
753 1083 936 1113 OCTAVIO
962 1083 1043 1113 suo
1069 1084 1101 1114 s.

302 1153 352 1181 He
369 1162 457 1187 urnas·
473 1153 620 1181 Octavius
634 1155 663 1180 to
674 1151 811 1188 pztblz‘slz,
829 1161 865 1179 or
880 1155 913 1180 at
928 1152 1002 1180 least
1019 1152 1109 1181 recite
1123 1152 1172 1180 his
1183 1160 1295 1187 poenis.

170 1246 182 1275 1
259 1235 472 1274 Hominem
493 1240 531 1273 te
552 1235 769 1285 patientem
789 1234 851 1272 vel
875 1234 1006 1285 potius
1034 1234 1175 1272 durum
1203 1248 1246 1273 ac
1272 1248 1395 1285 paene

204 1300 412 1347 crudelem,
446 1300 513 1350 qui
542 1307 623 1337 tam
658 1300 830 1350 insignes
864 1299 986 1337 libros
1019 1304 1102 1337 tam
1135 1299 1203 1337 diu
1238 1303 1394 1338 teneas!

166 1374 408 1416 Qquousque
448 1371 487 1402 et
524 1365 598 1402 tibi
636 1370 675 1402 et
713 1364 825 1403 nobis
863 1364 1070 1411 invidebis,
1111 1365 1183 1402 tibi
1221 1365 1395 1403 maxima

204 1430 330 1476 laude,
371 1429 483 1467 nobis
523 1429 757 1480 voluptate?
832 1429 914 1467 sine
960 1442 1030 1479 per
1077 1442 1145 1467 ora
1191 1429 1394 1468 hominum

202 1497 381 1534 ferantur
400 1494 603 1544 isdemque
624 1494 767 1545 quibus
787 1494 921 1546 lingua
945 1495 1123 1533 Romana
1149 1495 1289 1545 spatiis
1313 1509 1395 1546 per-

202 1566 406 1611 vagentur.
465 1573 608 1610 magna
627 1566 667 1598 et
692 1560 770 1597 iam
792 1559 908 1610 longa
935 1560 1157 1610 expectatio
1184 1566 1254 1606 est,
1276 1574 1394 1610 quam

166 1625 382 1664 3frustrari
416 1624 543 1662 adhuc
577 1631 616 1663 et
649 1624 806 1663 differre
840 1638 919 1663 non
954 1625 1081 1663 debes.
1155 1630 1394 1664 enotuerunt

202 1690 363 1741 quidam
398 1690 457 1727 tui
490 1703 625 1728 versus
663 1695 703 1728 et
739 1689 867 1728 invito
901 1695 940 1728 te
974 1690 1144 1728 claustra
1177 1703 1248 1728 sua
1279 1692 1394 1730 refre-

200 1762 352 1808 gerunt.
426 1754 496 1792 hos
525 1754 600 1792 nisi
630 1754 798 1793 retrahis
827 1754 868 1792 in
900 1767 1051 1805 corpus,
1083 1754 1319 1805 quandoque
1349 1762 1394 1794 ut

163 1834 183 1862 4
201 1834 359 1861 errones
380 1820 549 1870 aliquem
571 1820 679 1858 cuius
700 1819 883 1858 dicantur
901 1819 1116 1858 invenient.
1175 1820 1276 1858 habe
1302 1830 1394 1860 ante

201 1886 334 1926 oculos
354 1885 650 1932 mortalitatem,
672 1898 695 1922 a
714 1897 791 1935 qua
811 1884 991 1923 adserere
1011 1890 1050 1923 te
1070 1884 1143 1923 hoc
1166 1898 1245 1923 uno
1271 1886 1391 1924 moni-

201 1955 335 1990 mento
353 1955 464 2000 potes
480 1966 487 1988 :
517 1963 606 1987 nam
624 1954 752 1988 cetera
766 1949 922 2000 fragilia
941 1954 981 1987 et
1001 1949 1146 1988 caduca
1165 1963 1243 1988 non
1264 1951 1392 1989 minus

201 2030 319 2067 quam
346 2015 422 2066 ipsi
447 2014 625 2053 homines
652 2013 836 2052 occidunt
862 2013 1137 2064 desinuntque.
1211 2015 1325 2063 dices,
1348 2024 1391 2054 ut

162 2090 181 2120 5
201 2084 312 2129 soles,
349 2079 484 2118 ‘amici
523 2079 598 2117 mei
637 2077 835 2117 viderint.>
901 2084 994 2129 opto
1032 2079 1215 2129 equidem
1249 2081 1390 2120 amicos
