1492 2469
138 192 186 228 70
632 189 668 222 C.
691 190 822 221 PLINI

97 299 174 336 4et
211 294 493 344 deprimantur.
571 294 821 332 recitantium
860 307 952 332 vero
997 295 1203 345 praecipua
1241 308 1325 345 pro-

135 358 398 397 nuntiationis
424 359 662 404 adiumenta,
689 359 791 396 oculi
817 372 965 406 manus,
995 360 1326 410 praepediuntur;

139 437 218 473 quo
246 424 375 461 minus
405 423 547 461 mirum
578 428 647 470 est,
680 424 711 461 si
745 423 968 461 auditorum
1002 424 1170 462 intentio
1201 424 1325 462 relan-

136 488 298 539 guescit,
320 488 438 526 nullis
459 488 702 526 extrinsecus
723 493 792 526 aut
815 488 1096 526 blandimentis
1121 495 1234 539 capta
1259 496 1325 526 aut

97 552 278 593 5aculeis
318 552 497 590 excitata.
566 552 716 590 accedit
754 552 814 589 his
857 552 963 602 quod
1002 553 1126 591 oratio
1165 553 1212 591 de
1250 567 1328 604 qua

136 617 274 667 loquor
298 630 457 667 pugnax
487 622 526 654 et
554 617 801 655 contentiosa
829 622 897 655 est.
969 631 1084 667 porro
1108 617 1164 656 ita
1188 624 1327 656 natura

136 688 404 732 comparatum
439 687 498 720 est
530 687 575 719 ut
609 695 653 720 ea
686 695 784 732 quae
817 682 1041 732 scripsimus
1074 696 1162 720 cum
1195 682 1326 721 labore

98 758 117 788 6
137 747 257 785 etiam
286 760 373 784 cum
404 746 536 784 labore
565 746 694 784 audiri
722 751 915 796 putemus.
989 752 1028 785 et
1060 760 1152 785 sane
1185 754 1328 797 quotus

137 812 303 862 quisque
329 817 410 849 tam
437 816 565 849 rectus
591 811 759 859 auditor,
787 825 903 861 quem
933 825 1012 849 non
1041 812 1172 862 potius
1201 812 1328 850 dulcia

139 876 231 914 haec
264 881 303 913 et
334 876 515 914 sonantia
548 889 664 926 quam
694 881 849 914 austera
878 881 916 914 et
945 889 1077 926 pressa
1105 876 1330 914 delectent?

137 947 196 979 est
222 940 381 991 quidem
409 940 569 978 omnino
599 941 725 991 turpis
759 941 836 978 ista
869 940 1075 986 discordia,
1109 946 1168 978 est
1197 946 1327 978 tamen

137 1006 229 1056 quia
268 1005 499 1055 plerumque
539 1005 682 1051 evenit,
732 1012 776 1043 ut
823 1005 928 1043 aliud
977 1005 1174 1043 auditores
1221 1005 1328 1043 aliud

137 1070 283 1108 iudices
318 1070 490 1120 exigant,
527 1083 614 1107 cum
647 1070 793 1120 alioqui
831 1070 892 1107 his
930 1070 1136 1120 praecipue
1174 1070 1333 1108 auditor

137 1136 249 1173 adfici
285 1135 427 1173 debeat
461 1135 602 1185 quibus
640 1134 756 1181 idem,
793 1135 824 1172 si
858 1135 960 1173 foret
993 1135 1124 1181 iudex,
1160 1135 1329 1173 maxime

101 1216 119 1249 7
137 1205 440 1250 permoveretur.
514 1204 643 1249 potest
671 1205 803 1237 tamen
833 1200 914 1237 fieri
944 1205 990 1237 ut
1018 1213 1256 1250 quamquam
1290 1200 1329 1237 in

138 1264 198 1302 his
215 1263 513 1302 difficultatibus
529 1263 628 1301 libro
645 1264 711 1301 isti
727 1264 882 1301 novitas
903 1263 1158 1311 lenocinetur,
1176 1264 1332 1301 novitas

139 1329 245 1379 apud
266 1334 421 1366 nostros
437 1343 445 1375 3
475 1327 579 1377 apud
600 1328 769 1365 Graecos
790 1328 894 1365 enim
915 1333 973 1365 est
993 1316 1181 1377 quiddam
1202 1341 1333 1378 quam-

103 1403 121 1433 8
140 1395 199 1433 vis
220 1408 268 1432 ex
289 1394 445 1431 diverso
467 1406 545 1430 non
567 1398 697 1430 tamen
720 1393 878 1430 omnino
899 1392 1099 1430 dissimile.
1174 1405 1264 1430 nam
1288 1398 1331 1429 ut

139 1459 216 1498 illis
251 1464 334 1497 erat
367 1458 486 1495 moris
525 1457 628 1507 leges
667 1471 763 1507 quas
800 1462 846 1495 ut
883 1457 1098 1495 contrarias
1137 1457 1332 1507 prioribus

140 1525 289 1575 legibus
319 1523 536 1573 arguebant
566 1522 730 1559 aliarum
764 1521 972 1559 collatione
1006 1521 1245 1568 convincere,
1277 1521 1333 1559 ita

141 1590 254 1627 nobis
286 1589 412 1626 inesse
445 1586 753 1637 repetundarum
787 1586 863 1636 legi
901 1585 1007 1636 quod
1045 1585 1333 1635 postularemus

142 1668 229 1693 cum
257 1653 327 1691 hac
356 1653 440 1702 ipsa
469 1652 553 1702 lege
582 1656 667 1689 tum
697 1651 782 1689 aliis
811 1650 1073 1701 colligendum
1100 1650 1199 1698 fuit3
1227 1650 1333 1700 quod

142 1731 388 1769 nequaquam
409 1716 600 1754 blandum
626 1716 784 1753 auribus
811 1716 1071 1765 inperitorum
1100 1720 1213 1753 tanto
1242 1715 1335 1753 mai-

143 1797 249 1822 orem
293 1781 398 1832 apud
441 1781 576 1819 doctos
619 1780 763 1818 habere
805 1779 973 1830 gratiam
1016 1779 1146 1826 debet,
1186 1785 1336 1829 quanto

105 1849 333 1887 9minorem
382 1845 485 1896 apud
534 1845 713 1883 indoctos
764 1844 894 1882 habet.
980 1857 1051 1881 nos
1099 1850 1242 1891 autem,
1300 1845 1331 1882 si

143 1912 332 1963 placuerit
370 1911 544 1956 recitare,
583 1909 799 1947 adhibituri
847 1922 979 1946 sumus
1026 1908 1334 1947 eruditissimum

144 1990 349 2029 quemque.
419 1975 487 2013 sed
515 1974 630 2025 plane
659 1974 786 2011 adhuc
815 1987 865 2011 an
895 1973 945 2011 sit
974 1973 1220 2012 recitandum
1249 1988 1336 2012 exa-

144 2044 251 2082 mina
285 2048 425 2087 tecum,
462 2039 666 2089 omnisque
700 2052 798 2089 quos
836 2051 908 2089 ego
945 2038 1051 2076 movi
1089 2038 1129 2076 in
1168 2044 1337 2089 utraque
