1492 2469
217 236 266 272 54
713 235 750 266 G.
774 234 906 266 PLINI

214 350 381 388 cumque
402 343 534 376 tamen
555 338 729 376 animum
750 338 1108 389 cogitationemque
1128 339 1277 391 collegi,
1299 340 1405 390 coepi

214 402 343 442 dicere
371 416 449 441 non
476 403 627 442 minore
653 403 899 441 audientium
928 402 1097 442 adsensu
1125 418 1243 455 quam
1271 404 1407 443 sollici-

214 467 352 506 tudine
381 481 490 510 mea:
529 468 613 506 dixi
642 468 748 506 horis
782 480 904 518 paene
938 467 1122 519 quinque.
1170 479 1284 507 ‘nam
1315 469 1405 508 duo-

211 532 338 570 decim
364 532 579 583 clepsydris
606 546 702 583 quas
731 532 1031 583 spatiosissimas
1060 546 1282 583 acceperam
1314 540 1407 572 sunt

211 596 369 635 additae
386 602 584 647 quattuor.
635 596 732 634 adeo
752 596 820 635 illa
839 597 926 647 ipsa
945 610 1045 647 quae
1061 597 1160 636 dura
1178 603 1219 636 et
1239 597 1404 637 adversa

156 670 191 700 15
211 661 365 699 dicturo
391 661 631 700 videbantur
657 660 829 700 secunda
857 662 1005 700 dicenti
1033 662 1203 701 fuerunt.
1263 663 1405 702 Caesar

210 726 369 777 quidem
399 731 555 764 tantum
584 726 683 764 mihi
711 726 899 773 studium,
930 732 1084 765 tantam
1117 728 1238 766 etiam
1271 741 1402 767 curam

209 791 394 842 (nimium
414 795 473 828 est
493 792 596 829 enim
623 791 750 829 dicere
777 791 1100 839 sollicitudinem)
1127 792 1337 842 praestitit,
1357 799 1403 831 ut

207 855 393 893 libertum
422 869 554 894 meum
582 862 672 906 post
700 869 762 894 me
792 861 963 894 stantem
993 856 1147 906 saepius
1175 856 1403 895 admoneret

207 920 293 958 voci
339 921 530 971 laterique
578 920 834 966 consulerem,
882 934 970 958 cum
1021 933 1083 959 me
1130 920 1403 959 vehementius

205 991 366 1036 putaret
394 985 548 1024 intendi
578 999 696 1036 quam
725 985 922 1036 gracilitas
955 999 1043 1023 mea
1074 986 1228 1036 perpeti
1256 991 1398 1036 posset.

206 1049 411 1100 respondit
442 1049 541 1087 mihi
570 1063 641 1100 pro
674 1049 877 1088 Marciano
911 1049 1100 1088 Claudius
1133 1049 1396 1088 Marcellinus.

148 1126 186 1157 10
204 1115 345 1152 missus
384 1113 526 1152 deinde
565 1121 724 1152 senatus
762 1119 801 1152 et
844 1120 1050 1153 revocatus
1089 1114 1130 1152 in
1168 1120 1397 1165 posterum:

204 1193 332 1230 neque
354 1180 458 1217 enim
479 1180 557 1217 iam
577 1179 754 1217 inchoari
779 1184 937 1229 poterat
963 1179 1077 1226 actio,
1099 1179 1176 1217 nisi
1201 1187 1247 1217 ut
1271 1180 1400 1218 noctis

147 1255 184 1287 17
202 1245 430 1282 interventu
460 1243 713 1282 scinderetur.
773 1250 931 1293 postero
957 1243 1020 1281 die
1045 1243 1150 1281 dixit
1173 1257 1244 1294 pro
1269 1244 1400 1282 Mario

202 1308 359 1347 Salvius
379 1308 581 1356 Liberalis,
605 1309 665 1345 vir
685 1308 840 1346 subtilis
861 1308 1076 1359 dispositus
1096 1321 1184 1346 acer
1204 1308 1398 1356 disertus3

202 1374 243 1411 in
278 1373 345 1411 illa
378 1386 473 1411 vero
505 1386 620 1411 causa
654 1386 790 1411 omnes
824 1377 927 1410 artes
963 1386 1051 1410 suas
1085 1373 1263 1423 protulit.
1339 1386 1395 1411 re-

201 1438 363 1489 spondit
403 1437 607 1475 Cornelius
647 1437 806 1475 Tacitus
845 1437 1164 1487 eloquentissime
1202 1443 1253 1485 et,
1289 1438 1395 1488 quod

144 1512 182 1541 18
201 1503 390 1541 eximium
410 1502 579 1541 orationi
601 1502 683 1540 eius
703 1502 816 1549 inest,
838 1501 990 1551 σεμνῶς.
1049 1501 1153 1540 dixit
1175 1515 1246 1553 pro
1265 1502 1396 1541 Mario

200 1581 334 1606 rursus
353 1568 504 1606 Fronto
530 1567 665 1606 Catius
690 1567 911 1618 insigniter,
936 1573 1059 1617 utque
1086 1567 1165 1605 iam
1193 1567 1299 1605 locus
1327 1567 1393 1606 ille

198 1635 394 1684 poscebat,
412 1632 501 1683 plus
516 1633 557 1670 in
573 1632 752 1682 precibus
773 1632 960 1682 temporis
976 1645 1094 1682 quam
1108 1632 1150 1669 in
1165 1631 1394 1671 defensione

199 1697 454 1747 consumpsit.
530 1697 648 1734 huius
682 1696 877 1735 actionem
910 1709 1075 1746 vespera
1106 1696 1277 1743 inclusit,
1312 1710 1391 1735 non

198 1769 331 1801 tamen
360 1763 414 1801 sic
442 1767 488 1800 ut
521 1762 784 1812 abrumperet.
841 1762 976 1812 itaque
1010 1761 1051 1799 in
1085 1761 1250 1799 tertium
1283 1761 1388 1800 diem

197 1828 450 1879 probationes
479 1827 671 1865 exierunt.
730 1827 809 1864 iam
837 1825 910 1863 hoc
943 1825 1072 1875 ipsum
1106 1824 1316 1875 pulchrum
1350 1832 1389 1864 et

196 1893 416 1942 antiquum,
438 1897 618 1930 senatum
638 1897 752 1929 noote
772 1890 915 1937 dirimi,
937 1889 1070 1928 triduo
1093 1890 1236 1934 vocari,
1257 1889 1392 1928 triduo

140 1969 178 1999 19
196 1957 399 1997 contineri.
459 1956 659 1995 Cornutus
680 1955 890 2000 Tertullus,
914 1954 1049 1992 consul
1070 1954 1307 2004 designatus,
1329 1955 1389 1992 vir

195 2023 374 2074 egregius
404 2028 443 2060 et
472 2035 543 2072 pro
572 2021 739 2059 veritate
773 2020 1028 2066 firmissimus,
1061 2019 1213 2057 censuit
1245 2019 1388 2069 septin-

194 2093 314 2140 genta
333 2087 441 2125 milia
461 2099 560 2137 quae
586 2092 786 2136 acceperat
810 2085 962 2122 Marius
991 2084 1140 2122 aerario
1168 2083 1385 2129 inferenda,
