1492 2469
204 218 251 254 18
695 215 732 247 C.
754 215 888 247 PLINI

200 319 268 369 qui
314 319 451 357 morbo
498 319 691 357 finiuntur
726 332 913 370 magnum
951 332 999 357 ex
1036 319 1121 370 ipsa
1157 320 1388 358 necessitate

200 383 387 422 solacium
416 388 485 429 est,
516 383 558 421 in
587 384 636 422 iis
666 397 757 421 vero
787 397 884 434 quos
914 384 1098 422 arcessita
1127 398 1232 422 mors
1262 385 1389 423 aufert

199 448 262 486 hic
282 448 510 487 insanabilis
530 447 643 486 dolor
662 454 731 495 est,
755 448 861 498 quod
888 447 1102 486 creduntur
1126 436 1301 499 potuisse
1320 448 1389 486 diu

162 516 182 546 3
200 513 342 551 vivere.
401 512 615 551 Corellium
636 512 796 563 quidem
817 526 970 550 summa
988 513 1101 559 ratio,
1122 526 1222 562 quae
1241 513 1390 563 sapien-

200 577 305 616 tibus
328 591 399 628 pro
424 578 655 615 necessitate
682 583 752 624 est,
774 577 822 615 ad
852 577 925 615 hoc
954 577 1158 615 consilium
1187 578 1387 628 compulit,

200 655 438 693 quamquam
468 642 657 693 plurimas
686 641 847 680 vivendi
881 655 1014 680 causas
1042 642 1265 690 habentem,
1292 643 1389 692 opti-

199 720 304 745 mam
324 707 614 754 conscientiam,
637 707 828 757 optimam
851 707 1008 753 famam,
1028 707 1242 745 maximam
1261 713 1389 746 aucto—

197 773 366 819 ritatem,
407 776 609 822 praeterea
647 771 765 809 filiam
804 784 968 809 uxorem
1006 776 1191 821 nepotem
1226 784 1387 818 sorores,

162 845 182 874 4
199 837 379 887 interque
409 842 471 875 tot
499 837 665 887 pignora
688 849 800 874 veros
831 836 985 874 amicos.
1054 835 1122 874 sed
1150 841 1231 873 tam
1259 835 1387 887 longa,

199 909 280 939 tam
312 901 448 951 iniqua
481 900 708 939 valetudine
743 900 1041 938 conflictabatur
1074 905 1118 937 ut
1150 899 1245 938 haec
1276 905 1389 939 tanta

200 966 326 1017 pretia
353 965 515 1004 vivendi
539 965 676 1003 mortis
702 965 921 1003 rationibus
950 964 1210 1010 vincerentur.
1269 965 1389 1004 tertio

199 1036 238 1070 et
284 1031 511 1069 tricensimo
559 1043 672 1076 anno,
712 1036 758 1067 ut
798 1029 926 1080 ipsum
974 1028 1193 1075 audiebam,
1243 1029 1388 1080 pedum

197 1096 331 1134 dolore
360 1100 562 1146 correptus
591 1095 659 1133 est.
728 1094 878 1144 patrius
906 1094 969 1132 hic
994 1094 1078 1132 illi:
1107 1107 1199 1132 nam
1223 1094 1389 1145 plerum-

198 1173 274 1210 que
298 1159 424 1198 morbi
447 1172 602 1210 quoque
631 1172 701 1209 per
729 1154 990 1197 successiones
1014 1158 1214 1209 quasdam,
1236 1166 1282 1197 ut
1300 1159 1385 1206 alia,

162 1231 181 1260 5
198 1224 420 1262 traduntur.
511 1223 615 1261 hunc
671 1219 911 1261 abstinentia
976 1223 1196 1269 sanctitate,
1258 1223 1388 1273 quoad

198 1289 335 1327 viridis
369 1293 486 1335 aetas,
517 1287 612 1326 vicit
645 1292 685 1326 et
712 1269 856 1337 fregit;
896 1286 1113 1335 novissime
1141 1300 1229 1325 cum
1264 1300 1389 1326 senec-

198 1359 283 1392 tute
316 1354 654 1404 ingravescentem
688 1351 837 1389 viribus
876 1351 996 1389 animi
1035 1351 1266 1398 sustinebat,
1300 1366 1388 1390 cum

197 1417 357 1468 quidem
404 1416 647 1455 incredibilis
695 1415 889 1454 cruciatus
927 1420 967 1453 et
1003 1415 1276 1466 indignissima
1312 1422 1389 1455 tor-

160 1488 179 1518 6
197 1488 331 1520 menta
359 1486 570 1532 pateretur.
630 1481 707 1518 iam
734 1480 839 1518 enim
865 1479 977 1518 dolor
998 1493 1079 1518 non
1098 1479 1263 1530 pedibus
1283 1481 1386 1529 solis,

197 1553 241 1585 ut
261 1547 379 1597 prius,
401 1545 598 1583 insidebat
626 1545 693 1583 sed
724 1544 855 1583 omnia
882 1544 1059 1583 membra
1086 1546 1383 1596 pervagabatur.

196 1611 287 1649 veni
328 1610 377 1648 ad
416 1623 505 1648 eum
543 1609 763 1647 Domitiani
801 1608 1043 1659 temporibus
1084 1608 1126 1646 in
1163 1609 1387 1648 suburbano

160 1677 178 1709 7
196 1675 396 1714 iacentem.
468 1674 571 1712 servi
591 1687 611 1712 e
632 1673 808 1711 cubiculo
829 1677 1071 1711 recesserunt
1088 1688 1097 1712 ε
1125 1673 1297 1712 habebat
1315 1674 1387 1713 hoc

196 1740 324 1787 moris,
348 1739 531 1790 quotiens
551 1738 738 1776 intrasset
764 1737 918 1776 fidelior
944 1737 1117 1785 amicus3
1144 1737 1239 1788 quin
1268 1739 1386 1776 etiam

196 1818 306 1850 uxor,
329 1817 567 1854 quamquam
596 1803 722 1841 omnis
749 1802 887 1841 secreti
917 1801 1177 1852 capacissima,
1198 1802 1387 1852 digredie-

159 1877 178 1908 8
196 1869 323 1907 batur.
382 1867 624 1906 circumtulit
653 1867 786 1905 oculos
806 1873 846 1905 et
868 1872 876 1888 ‘
892 1866 982 1904 cur'
1003 1867 1135 1917 inquit
1157 1871 1166 1888 ‘
1180 1880 1243 1906 me
1271 1874 1387 1918 putas

195 1933 266 1971 hos
303 1937 435 1970 tantos
474 1931 627 1970 dolores
666 1936 747 1969 tam
784 1930 853 1969 diu
891 1931 1117 1970 sustinere‘l
1155 1936 1202 1970 ut
1240 1932 1387 1971 scilicet

196 1997 262 2035 isti
300 1997 444 2035 latroni
482 1995 543 2034 vel
581 2009 661 2033 uno
699 1995 763 2033 die
802 1995 1017 2045 supersim.'
1084 1995 1258 2050 dedisses
1296 1996 1386 2035 huic

196 2062 326 2101 animo
363 2075 434 2112 par
472 2074 621 2111 corpus,
661 2061 817 2099 fecisset
855 2060 961 2111 quod
998 2060 1173 2111 optabat.
1256 2061 1385 2100 adfuit
