1492 2469
384 274 726 307 EPISTULARUM
754 273 799 305 ΙΙ.
829 282 937 305 111.-v.
1209 273 1262 309 43

68 378 176 416 milia
205 378 440 416 contulerim
469 384 626 429 praeter
657 391 743 417 eam
774 391 966 416 summam
998 390 1116 428 quam
1148 382 1263 427 pater

69 448 159 480 tuus
175 443 285 493 quasi
305 443 353 481 de
374 456 460 481 mco
481 443 584 481 dixit
604 444 704 493 (erat
732 443 838 481 enim
867 442 1054 480 solvenda
1073 442 1122 480 de
1141 443 1258 491 meo),

69 520 253 558 maguum
282 507 402 546 habes
431 507 629 546 facilitatis
658 521 766 546 meae
799 508 951 558 pignus,
983 507 1091 545 cuius
1119 505 1261 544 fiducia

70 571 187 610 (lebes
202 572 346 610 famam
363 572 538 610 defuncti
556 573 822 623 pudoremque
844 572 1035 622 suscipere
1051 587 1059 618 3
1089 572 1139 609 ad
1155 571 1261 622 quod

70 650 118 674 ne
138 643 177 675 te
199 637 328 675 verbis
348 638 470 688 magis
491 651 609 688 quam
638 638 754 676 rebus
783 637 927 684 horter,
949 636 1144 687 quidquid
1165 635 1261 674 mihi

70 708 181 752 pater
211 708 302 740 tuus
333 702 479 749 debuit,
513 707 715 753 acceptum
747 703 820 740 tibi
851 703 932 740 fieri
966 702 1119 740 iubebo.
1192 714 1261 739 nec
1281 711 1305 740 3

71 772 130 804 cst
163 767 268 817 quod
301 768 469 805 vcrearis
502 781 550 806 nc
580 768 631 805 sit
659 767 757 805 mihi
787 781 949 805 onerosa
980 767 1056 805 ista
1088 766 1259 805 donatio.

70 836 164 869 sunt
184 831 342 881 quidem
359 832 517 869 omnino
533 831 645 869 nobis
660 831 836 870 modicae
857 831 1073 877 facultates,
1091 831 1263 881 dignitas

71 901 312 946 sumptuosa,
352 895 502 934 reditus
540 901 700 946 propter
737 896 1002 934 conditionem
1050 895 1263 947 agellorum

72 960 201 998 nescio
230 960 358 998 minor
387 973 436 998 an
464 960 673 998 incertior:
703 959 771 998 sed
792 960 898 1010 quod
922 965 1046 998 cessat
1066 974 1114 998 ex
1135 959 1264 997 reditu

71 1024 299 1075 frugalitate
332 1025 548 1075 suppletur,
582 1038 630 1063 ex
663 1037 740 1074 qua
769 1024 880 1062 velut
911 1025 1020 1063 fonte
1050 1024 1265 1062 liberalitas

72 1094 208 1127 nostra
237 1089 409 1127 decurrit
424 1104 434 1137 ;
463 1102 562 1139 quae
592 1094 725 1127 tamen
753 1089 810 1127 ita
838 1088 1094 1139 temperanda
1124 1094 1183 1127 est
1216 1101 1264 1126 ne
1283 1100 1304 1127 4

72 1153 195 1191 nimia
227 1153 452 1203 profusione
481 1153 684 1199 inarescat,
716 1153 784 1191 sed
813 1153 1069 1204 temperanda
1097 1153 1137 1191 in
1167 1153 1262 1200 aliis,

72 1219 113 1256 in
152 1223 192 1256 te
229 1231 321 1256 vero
359 1218 471 1256 facile
509 1217 609 1256 ratio
657 1217 863 1265 constabit,
904 1218 1058 1256 etiamsi
1104 1217 1264 1256 modum

73 1282 294 1321 excesserit.
352 1282 449 1320 vale.

644 1385 690 1424 V.

367 1474 400 1503 o.
422 1473 592 1503 PLINIUs
617 1473 809 1502 LUPERCO
835 1473 915 1503 on
941 1473 974 1503 s.

114 1541 215 1577 Pliny
228 1542 319 1570 sends
334 1544 362 1570 to
376 1541 603 1578 Luperczcsfor
618 1542 750 1571 revision
765 1545 839 1578 pare
855 1541 891 1576 of
907 1551 927 1570 a
949 1542 1050 1578 speech
1065 1551 1104 1570 οη
1121 1541 1272 1578 behalfrf

74 1592 122 1620 his
136 1593 238 1621 native
253 1595 342 1621 town.

127 1668 338 1706 Actionem
369 1674 408 1706 et
437 1682 459 1706 a
488 1673 526 1706 te
555 1669 781 1718 frequenter
809 1668 1061 1719 efflagitatem
1091 1674 1130 1707 et
1159 1682 1180 1707 a
1206 1682 1268 1708 me
1291 1681 1304 1709 r

74 1746 188 1783 saepe
212 1733 445 1783 promissam
471 1733 632 1771 exhibui
662 1733 745 1780 tibi,
768 1733 944 1771 nondum
966 1739 1099 1772 tamen
1118 1738 1268 1772 totam:

75 1798 203 1836 adhuc
241 1798 345 1836 enim
393 1811 481 1848 pars
528 1798 611 1836 eius
658 1797 886 1848 perpolitur.
963 1798 1123 1836 interim
1170 1812 1268 1849 quae
1287 1809 1311 1839 2.

75 1863 316 1901 absolutiora
343 1863 441 1901 mihi
461 1863 700 1901 videbantur
728 1876 808 1901 non
837 1863 914 1901 fuit
933 1863 1105 1902 alienum
1124 1864 1268 1902 iudicio

76 1934 146 1966 tuo
167 1927 280 1966 tradi.
353 1927 414 1966 his
434 1932 479 1965 tu
499 1941 593 1979 rogo
614 1928 875 1966 intentionem
900 1928 1107 1966 scribentis
1126 1942 1271 1967 accom-

76 1992 223 2031 modes.
295 1992 395 2030 nihil
428 1993 533 2031 enim
573 1992 700 2031 adhuc
737 1993 843 2031 inter
877 2006 1016 2031 manus
1053 1993 1175 2032 habui
1208 1994 1269 2032 cui

77 2057 265 2095 maiorem
285 2057 589 2095 sollicitudinem
618 2062 815 2108 praestare
843 2057 1037 2096 deberem.
1109 2072 1198 2097 nam
1229 2059 1269 2097 in
1287 2067 1311 2097 3

77 2121 218 2160 ceteris
251 2121 472 2160 actionibus
505 2122 790 2161 existimationi
823 2122 1029 2161 hominum
1063 2122 1270 2174 diligentia
