1492 2469
201 208 213 242 J
226 210 244 244 4
693 205 731 237 C.
753 206 883 237 PLINI

722 360 858 399 VIIII.

373 458 406 488 C.
427 458 596 488 PLINIUS
622 458 806 488 MINUTIO
832 458 1036 488 FUNDANO
1062 460 1143 489 SUO
1169 460 1202 490 S.

403 538 443 567 In
457 538 565 574 praise
579 537 615 573 of
626 538 675 567 the
689 538 865 567 retirement
881 538 917 573 of
927 547 947 566 a
961 541 1095 574 cozmtry
1110 538 1173 574 lise.

159 635 173 664 1
250 625 396 663 Mirum
423 631 483 664 est
511 639 629 675 quam
653 625 818 675 singulis
848 624 987 663 diebus
1013 626 1053 662 in
1079 626 1176 664 urbe
1195 626 1297 665 ratio
1317 632 1387 664 aut

195 696 347 728 constet
367 696 435 728 aut
456 695 633 728 constare
652 689 847 732 videatur,
870 689 1047 739 pluribus
1067 695 1285 740 cunctaque
1305 703 1385 728 non

157 768 177 797 2
195 760 357 793 constet.
433 768 524 792 nam
580 754 612 792 si
659 767 775 804 quem
822 754 1038 804 interroges
1097 758 1105 774 ‘
1124 754 1242 792 hodie
1289 754 1385 805 quid

195 819 349 870 egisti‘l'
395 819 634 869 respondeat
683 823 691 839 ‘
709 819 833 857 officio
871 823 986 869 togae
1033 818 1157 856 virilis
1206 819 1384 866 interfui,

194 884 391 935 sponsalia
419 888 488 922 aut
516 884 675 934 nuptias
704 883 964 933 frequentavi,
986 883 1051 921 ille
1076 897 1138 921 me
1163 883 1212 922 ad
1232 884 1386 934 signan-

194 949 289 987 dum
318 953 611 995 testamentum,
634 947 699 985 ille
728 947 769 985 in
798 947 1108 995 advocationem,
1134 948 1200 986 ille
1228 949 1269 986 in
1299 962 1386 987 con-

153 1014 325 1056 3silium
362 1012 540 1064 rogavit!
613 1012 708 1050 haec
755 1026 833 1062 quo
880 1011 943 1050 die
981 1012 1117 1050 feceris
1155 1014 1382 1060 necessaria,

193 1078 342 1125 eadem,
364 1078 396 1115 si
425 1077 568 1115 cotidie
597 1077 734 1115 fecisse
762 1083 802 1115 te
831 1083 1001 1127 reputes,
1021 1077 1155 1115 inania
1183 1078 1382 1124 videntur,

193 1143 319 1181 multo
345 1142 469 1193 magis
490 1155 578 1180 cum
599 1142 810 1179 secesseris.
882 1147 977 1179 tunc
1001 1142 1105 1179 enim
1131 1142 1240 1180 subit
1261 1156 1385 1182 recor-

192 1207 301 1246 datio
341 1211 463 1257 ‘quot
500 1206 584 1244 dies
621 1219 740 1256 quam
778 1205 931 1256 frigidis
978 1206 1094 1244 rebus
1141 1206 1340 1258 absumpsi
1360 1208 1384 1245 1’

153 1283 175 1312 4
193 1272 299 1323 quod
325 1271 457 1310 evenit
482 1271 590 1317 mihi,
621 1276 831 1320 postquam
860 1270 902 1308 in
929 1270 1172 1309 Laurentino
1200 1285 1287 1310 meo
1316 1279 1385 1310 aut

190 1337 278 1388 lego
299 1336 448 1387 aliquid
468 1342 537 1374 aut
561 1336 687 1373 scribo
716 1340 785 1373 aut
814 1335 933 1373 etiam
962 1334 1123 1385 corpori
1144 1349 1250 1382 vaco,
1273 1337 1383 1375 cuius

152 1411 174 1441 5
190 1402 349 1441 fulturis
374 1401 527 1439 animus
548 1400 776 1438 sustinetur.
834 1400 933 1438 nihil
954 1400 1070 1438 audio
1091 1400 1196 1450 quod
1217 1401 1380 1449 audisse,

191 1467 291 1505 nihil
325 1466 412 1505 dico
446 1465 551 1516 quod
585 1465 731 1503 dixisse
762 1465 989 1515 paeniteat:
1034 1478 1148 1503 nemo
1182 1465 1288 1516 apud
1320 1480 1383 1505 me

191 1544 429 1583 quemquam
455 1530 623 1568 sinistris
651 1529 898 1567 sermonibus
924 1529 1060 1579 carpit,
1081 1530 1280 1568 neminem
1300 1531 1383 1581 ipse

189 1596 445 1647 reprehendo,
481 1594 558 1632 nisi
590 1599 724 1632 tamen
763 1607 838 1641 me,
876 1607 964 1632 cum
1003 1607 1141 1644 parum
1179 1595 1382 1634 commode

190 1662 344 1708 scribo3
390 1659 498 1698 nulla
544 1672 623 1709 spe,
672 1658 780 1696 nullo
827 1658 967 1696 timore
1016 1658 1213 1706 sollicitor,
1262 1659 1382 1697 nullis

189 1726 412 1765 rumoribus
433 1725 656 1775 inquietor:
686 1737 840 1761 mecum
868 1728 1026 1760 tantum
1055 1728 1095 1760 et
1123 1736 1209 1761 cum
1239 1723 1381 1762 libellis

150 1796 172 1827 6
189 1791 338 1841 loquor.
410 1803 432 1827 o
455 1795 603 1826 rectam
630 1788 898 1837 sinceramque
921 1787 1056 1834 vitam,
1080 1801 1101 1825 o
1123 1787 1235 1826 dulce
1255 1788 1380 1826 otium

187 1856 476 1904 honestumque
505 1867 546 1891 ac
576 1866 699 1903 paene
732 1852 839 1890 omni
872 1852 1029 1902 negotio
1063 1852 1289 1902 pulchrius!
1358 1868 1380 1889 0

188 1933 306 1965 mare,
346 1933 368 1957 0
405 1918 511 1962 litus,
555 1930 693 1955 verum
726 1921 997 1966 secretumque
1035 1919 1222 1965 μουσεῖον,
1262 1930 1380 1968 quam

151 1996 170 2030 7
187 1985 312 2023 multa
340 1983 537 2029 invenitis,
575 1995 693 2032 quam
726 1981 852 2019 multa
890 1980 1073 2018 dictatis!
1142 1982 1307 2031 proinde
1334 1989 1381 2020 tu

188 2062 344 2101 quoque
382 2048 592 2098 strepitum
639 2047 759 2084 istum
805 2046 1040 2095 inanemque
1085 2045 1301 2084 discursum
1340 2054 1381 2085 et
