1492 2469
343 262 686 294 EPISTULARUM
711 261 758 293 ΙΙ.
789 270 952 293 vnn-xx.
1199 262 1244 298 51

57 366 131 404 tibi
168 373 249 405 tam
288 367 433 414 fideles,
473 374 554 405 tam
593 366 780 413 eruditos,
822 374 902 403 tam
941 364 1168 410 laboriosos,
1204 370 1249 402 ut

58 436 213 469 tantum
246 444 360 469 curae
392 431 703 481 intentionisque
734 430 929 481 suscipere
958 435 998 468 et
1026 430 1179 479 possint
1209 435 1248 466 et

58 495 191 543 velint,
213 495 281 534 sed
301 495 448 546 dispice
468 509 517 534 ne
537 497 588 534 sit
611 509 750 546 parum
776 494 987 545 providum
1014 506 1170 543 sperare
1199 507 1247 531 ex

57 560 143 599 aliis
176 561 281 611 quod
319 561 392 599 tibi
426 561 510 610 ipse
543 574 621 599 non
655 566 838 611 praest-es.
916 564 955 597 et
989 558 1037 597 de
1073 558 1286 597 editione6

58 625 214 675 quidem
247 626 407 664 interim
440 633 485 664 ut
514 626 644 663 voles:
683 625 804 664 recita
832 624 983 669 saltem,
1015 637 1093 673 quo
1122 623 1248 673 magis

58 691 176 729 libeat
222 691 413 739 emittere,
454 697 575 741 utque
614 690 774 728 tandem
813 689 1005 740 percipias
1043 688 1245 739 gaudium,

57 755 161 805 quod
191 768 262 806 ego
291 755 384 793 olim
414 769 483 806 pro
513 761 550 793 te
580 769 658 793 non
693 762 840 793 temere
872 767 1088 805 praesumo.
1154 753 1246 791 ima-
1268 760 1285 793 7

55 820 169 871 ginor
205 821 310 859 enim
348 821 414 871 qui
453 833 673 865 concursus,
710 833 808 870 quae
846 818 1056 857 admiratio
1095 823 1145 861 te,
1181 818 1246 867 qui

56 885 212 932 clamor,
233 885 339 935 quod
366 886 484 923 etiam
511 884 711 922 silentium
739 889 920 930 maneat,
950 897 1027 933 quo
1055 896 1138 933 ego,
1161 896 1248 920 cum

56 949 142 988 «lico
162 950 225 987 vel
244 949 377 993 recito,
399 962 477 987 non
498 949 628 986 minus
653 962 772 999 quam
797 948 964 986 clamore
991 947 1175 992 delector,
1198 948 1249 985 sit

56 1013 171 1052 modo
187 1013 388 1052 silentium
408 1027 493 1052 acre
513 1019 553 1051 et
572 1014 771 1051 intentum
792 1020 832 1051 et
852 1012 1038 1063 cupidum
1059 1012 1250 1050 ulteriora

55 1077 249 1116 audiendi.
312 1077 385 1116 hoc
405 1078 534 1116 fructu
556 1083 677 1124 tanto,
701 1083 782 1115 tam
803 1083 940 1128 parato
960 1077 1096 1115 desine
1117 1077 1249 1115 studia
1267 1082 1286 1112 S

56 1150 122 1180 tua
163 1142 318 1181 infinita
360 1143 436 1180 ista
478 1143 727 1181 cunctatione
764 1142 972 1190 fraudare3
1020 1155 1119 1193 quae
1158 1156 1247 1180 cum

56 1207 214 1246 modum
235 1207 400 1255 excedit,
423 1208 639 1246 verendum
661 1213 721 1246 est
743 1221 792 1246 ne
817 1208 982 1246 inertiae
1009 1212 1049 1246 et
1075 1207 1248 1246 desidiae

55 1272 116 1312 vel
135 1272 254 1311 etiam
273 1272 499 1310 timiditatis
520 1286 663 1311 nomen
684 1272 858 1322 accipiat.
917 1271 1011 1311 vale.

616 1426 687 1465 XI.

341 1513 375 1544 C.
401 1513 574 1542 PLINIUS
599 1513 790 1542 ARRIANO
817 1513 898 1542 SUO
925 1513 957 1544 S.

91 1583 148 1612 An
167 1584 300 1612 account
320 1580 356 1617 of
373 1581 421 1610 tlze
435 1580 566 1616 famous
582 1581 782 1616 prosecution
803 1580 838 1617 os
856 1581 990 1611 Marius
1010 1582 1151 1617 Priscus,
1175 1591 1246 1618 pro·

52 1633 159 1662 consul
172 1631 208 1668 of
218 1631 345 1668 Africa.

107 1713 216 1752 Solet
235 1726 317 1751 esse
336 1712 480 1763 gaudio
503 1713 589 1758 tibi,
616 1713 647 1750 si
674 1713 769 1763 quid
797 1719 928 1751 actum
955 1719 1014 1752 est
1041 1715 1081 1752 in
1108 1720 1247 1753 senatu
1269 1725 1283 1755 1

53 1778 217 1830 dignum
250 1777 387 1816 ordine
420 1777 497 1815 illo.
576 1778 755 1827 quamvis
793 1778 897 1816 enim
937 1779 1082 1829 quietis
1116 1793 1246 1819 amore

54 1842 266 1887 secesseris,
283 1841 430 1880 insidet
444 1848 577 1880 tamen
593 1842 723 1880 animo
740 1848 809 1880 tuo
830 1842 1047 1881 maiestatis
1067 1843 1245 1894 publicae

53 1921 152 1947 cura.
224 1907 354 1957 accipe
375 1920 465 1958 ergo
486 1907 591 1957 quod
612 1920 681 1957 per
707 1907 777 1945 hos
805 1907 887 1945 dies
913 1913 1045 1946 actum
1072 1917 1142 1955 est,
1165 1922 1246 1959 per-

0 2024 1 2027 *
54 1985 171 2011 sonae
200 1971 377 2010 claritate
405 1971 610 2016 famosum,
642 1972 851 2011 severitate
880 1973 1050 2023 exempli
1079 1974 1243 2022 salubre,

54 2036 109 2075 rei
135 2036 407 2087 magnitudine
434 2041 646 2074 aeternum.
708 2036 859 2074 Marius
886 2036 1042 2075 Priscus
1068 2051 1246 2077 accusan-
1265 2047 1284 2077 2

55 2102 161 2141 tibus
182 2101 303 2147 Afris,
324 2101 467 2152 quibus
487 2114 557 2151 pro
578 2101 735 2139 consule
755 2101 936 2151 praefuit,
955 2102 1097 2141 omissa
1116 2102 1246 2142 defen-
