1492 2469
223 220 264 256 16
713 219 751 252 C.
772 219 904 251 PLINI

176 332 195 361 ό
214 323 387 373 inpellat.
459 322 508 360 ad
542 322 614 360 hoc
646 324 860 373 proceritas
891 324 1075 374 corporis,
1107 324 1248 363 decora
1275 325 1405 371 facies,

213 387 404 425 demissus
434 387 609 438 capillus,
640 388 778 439 ingens
808 396 847 426 et
880 402 976 427 cana
1005 389 1126 427 barba
1143 406 1151 438 ;
1186 403 1284 440 quae
1312 389 1404 428 licet

212 452 376 489 fortuita
414 458 453 489 et
500 452 636 490 inania
674 458 876 502 putentur,
916 453 972 491 illi
1016 459 1148 492 tamen
1189 454 1403 504 plurimum

173 528 191 559 7
213 517 478 554 venerationis
499 516 726 566 adquirunt.
786 517 918 555 nullus
939 517 1078 556 horror
1097 519 1137 556 in
1157 518 1276 566 cultu,
1298 518 1406 556 nulla

211 581 383 628 tristitia,
424 580 594 618 multum
640 582 888 619 severitatis:
937 582 1147 620 reverearis
1189 595 1404 629 occursum,

210 659 289 683 non
336 645 577 683 reformides.
654 646 759 684 vitae
806 647 994 684 sanctitas
1042 660 1204 692 summa,
1243 647 1403 684 comitas

209 723 301 760 par:
349 710 566 748 insectatur
612 710 722 755 vitia,
762 724 841 748 11011
889 710 1080 756 homines,
1121 724 1191 749 nec
1238 712 1402 762 castigat

208 781 382 813 errantes
409 774 477 812 sed
504 774 696 812 emendat.
769 775 942 825 sequaris
970 780 1198 813 monentem
1225 780 1403 813 attentus

206 846 246 877 et
265 839 440 890 pendens
462 844 501 877 et
520 839 747 889 persuaderi
777 839 863 887 tibi,
886 839 1005 877 etiam
1035 853 1123 877 cum
1151 840 1399 890 persuaserit,

169 909 188 938 8
206 905 348 955 cupias.
417 904 496 942 iam
526 918 618 942 vero
651 904 767 942 liberi
796 910 886 950 tres,
917 904 995 942 duo
1026 917 1164 951 mares,
1193 918 1290 954 quos
1318 904 1403 942 dili-

204 969 433 1020 gentissime
462 969 650 1007 instituit.
722 982 830 1006 socer
859 969 1069 1019 Pompeius
1098 968 1285 1016 Iulianus,
1313 982 1401 1007 cum

206 1040 335 1072 cetera
355 1034 437 1071 vita
461 1039 545 1070 tum
570 1032 633 1070 vel
662 1032 734 1070 hoc
763 1046 842 1070 uno
871 1046 1036 1083 magnus
1066 1038 1106 1070 et
1135 1033 1272 1080 clarus,
1295 1033 1400 1083 quod

204 1098 287 1148 ipse
307 1097 532 1148 provinciae
553 1098 747 1147 princeps,
768 1098 874 1135 inter
902 1097 1111 1134 altissimas
1141 1097 1399 1143 conditiones,

203 1176 393 1213 generum
430 1175 510 1200 non
558 1161 774 1200 honoribus
821 1161 1040 1211 principem
1088 1161 1155 1199 sed
1208 1161 1400 1212 sapientia

166 1240 186 1270 9
204 1227 332 1277 elegit.
401 1239 641 1276 quamquam
668 1225 763 1276 quid
791 1238 862 1276 ego
888 1225 1001 1275 plura
1027 1225 1075 1263 de
1100 1226 1184 1263 viro
1205 1239 1282 1276 quo
1301 1226 1396 1263 mihi

203 1292 280 1330 frui
307 1305 386 1329 non
416 1291 540 1329 licet?
578 1304 627 1328 an
656 1296 701 1328 ut
730 1290 854 1341 magis
884 1303 1006 1340 angar
1033 1290 1142 1344 quod
1170 1303 1249 1328 non
1278 1290 1401 1328 licet?

202 1370 294 1394 nam
328 1356 545 1406 distringor
579 1355 703 1393 officio
737 1359 782 1392 ut
811 1354 985 1392 maximo
1020 1354 1073 1392 sic
1107 1354 1405 1394 molestissimo„

204 1421 322 1460 sedeo
351 1434 422 1471 pro
442 1419 643 1467 tribunali,
666 1419 835 1457 subnoto
864 1418 1028 1465 libellos,
1051 1419 1211 1456 conficio
1230 1419 1395 1465 tabulas,

147 1498 185 1528 10
202 1486 329 1524 scribo
358 1484 547 1536 plurimas
577 1483 645 1521 sed
678 1483 1032 1521 inlitteratissimas
1062 1483 1224 1521 litteras.
1293 1483 1399 1522 soleo

202 1564 282 1589 non
305 1563 523 1600 numquam
545 1552 653 1599 <nam
673 1548 714 1586 id
739 1549 869 1599 ipsum
895 1548 1054 1598 quando
1081 1548 1275 1599 contingit
1293 1549 1318 1599 1)
1347 1548 1396 1587 de

201 1616 262 1654 his
296 1614 616 1665 occupationibus
650 1613 755 1664 apud
787 1612 1017 1663 Euphraten
1050 1613 1172 1663 queri.
1240 1612 1306 1651 ille
1333 1626 1396 1651 me

199 1681 436 1726 consolatur,
459 1679 643 1717 adfirmat
672 1678 791 1716 etiam
823 1691 905 1716 esse
934 1677 1035 1715 hanc
1064 1677 1335 1728 philosophiae
1355 1685 1393 1716 et

199 1745 359 1796 quidem
388 1743 691 1795 pulcherrimam
719 1747 885 1793 partem,
907 1755 1022 1792 agere
1046 1742 1249 1792 negotium
1269 1742 1396 1792 publi-

198 1824 298 1856 cum,
320 1821 562 1859 cognoscere,
582 1807 767 1852 iudicare,
793 1819 972 1857 promere
1002 1811 1042 1845 et
1070 1819 1250 1845 exercere
1279 1807 1394 1844 iusti-

144 1889 179 1918 ll
197 1875 305 1921 tiam,
346 1886 522 1923 quaeque
560 1871 636 1922 ipsi
674 1871 841 1909 doceant
882 1871 923 1909 in
960 1884 1034 1908 usu
1071 1870 1226 1909 habere.
1294 1871 1392 1909 mihi

198 1946 331 1977 tamen
350 1938 423 1976 hoc
443 1950 565 1975 unum
585 1949 664 1974 non
685 1935 908 1985 persuadet,
926 1935 1047 1973 satius
1067 1948 1149 1973 esse
1169 1935 1247 1973 ista
1265 1935 1392 1973 facere

198 2017 317 2055 quam
341 2016 430 2041 cum
454 2001 522 2040 illo
549 2001 632 2038 dies
659 2005 764 2038 totos
791 1999 988 2037 audiendo
1015 1999 1279 2050 discendoque
1305 2013 1392 2038 con-

197 2081 360 2107 sumere.
429 2080 507 2117 quo
540 2065 664 2116 magis
701 2071 752 2112 te,
788 2064 851 2102 cui
889 2069 1014 2111 vacat,
1049 2064 1196 2111 hortor,
1233 2065 1390 2102 cumin
