1492 2469
362 258 706 291 EPISTULARUM
728 257 775 289 ΙΙ.
805 266 984 289 v11.-vini.
1218 256 1266 294 49

79 366 338 415 abrumpam?
378 377 603 413 numquam,
625 370 732 413 puto.
777 376 867 400 113111
885 362 1082 399 veteribus
1102 360 1270 411 negotiis

80 444 180 469 nova
209 429 451 476 adcrescunt,
484 442 555 467 neo
584 434 715 466 tamen
746 429 876 478 priora
906 432 1171 477 peraguntur:
1209 432 1270 464 tot

79 496 255 541 nexibus,
279 500 338 532 tot
359 494 467 544 quasi
489 494 636 532 catenis
662 493 786 531 maius
806 492 847 530 in
868 492 950 530 dies
971 491 1270 543 occupationum

79 573 218 610 agmen
239 558 479 597 extenditur.
538 558 633 596 vale.

609 717 742 755 VIIII.

339 804 373 834 o.
400 803 569 833 PLINIUS
595 803 851 832 AromeAm
878 803 958 832 SUO
985 803 1017 832 s.

118 873 218 907 Pliny
243 872 313 900 ask-s
337 872 544 907 Apollinaris
568 874 597 900 to
621 871 759 899 admncc
788 871 835 900 {lec
864 871 1074 900 c‹111‹li‹la(21re
1101 870 1136 908 of
1159 871 1269 902 Sextus

78 922 224 951 Erucius.
1289 925 1303 954 1

132 1003 307 1041 Anxium
328 1016 389 1041 me
411 1010 450 1041 et
470 1003 691 1053 inquietum
718 1003 838 1042 habet
859 1003 999 1053 petitio
1020 1003 1131 1041 Sexti
1152 1004 1265 1042 Eruci

78 1069 166 1106 mei.
238 1067 398 1106 adficior
427 1081 520 1106 cura
548 1073 587 1105 et
616 1081 734 1118 quam
763 1081 834 1118 pro
863 1081 924 1106 me
959 1068 1267 1108 sollicitudinem

78 1147 157 1171 11011
177 1133 257 1171 adii
278 1133 389 1183 quasi
410 1146 479 1183 pro
504 1146 565 1170 me
589 1132 713 1171 altero
739 1133 868 1183 patior
881 1148 890 1181 3
922 1139 961 1171 et
987 1133 1133 1184 alioqui
1159 1148 1267 1173 meus

77 1198 213 1248 pudor,
251 1211 338 1236 mea
371 1197 622 1244 existimatio,
658 1211 744 1236 mea
782 1197 946 1249 diguitis
983 1198 1024 1235 in
1058 1198 1265 1238 discrimen
1286 1186 1306 1216 ²

76 1263 294 1301 adducitur.
358 1275 428 1313 ego
450 1262 572 1300 Sexto
588 1262 713 1300 latum
733 1262 887 1300 clavum
902 1276 924 1300 a
940 1262 1104 1301 Caesare
1120 1269 1266 1312 nostro,

77 1342 148 1379 ego
177 1333 429 1378 quaesturam
456 1327 663 1378 inpetravi‚
685 1340 771 1365 meo
800 1327 983 1378 suffragio
1011 1329 1192 1378 pervenit
1218 1330 1267 1368 ad

76 1394 136 1431 ius
156 1394 403 1431 tribunatum
422 1392 596 1443 petendi,
619 1405 736 1443 quem
764 1393 841 1431 nisi
870 1393 1024 1431 obtinet
1050 1394 1090 1431 in
1116 1401 1266 1443 senatu,

76 1471 213 1497 vereor
231 1471 280 1496 ne
301 1457 499 1507 decepisse
527 1457 732 1496 Caesarem
755 1457 899 1496 videar.
970 1458 1134 1508 proinde
1161 1459 1269 1498 adni-

77 1522 240 1561 tendum
257 1529 316 1561 est
331 1522 428 1560 mihi
448 1529 493 1560 ut
508 1522 627 1560 talem
647 1535 736 1560 eum
756 1522 930 1561 iudicent
950 1537 1094 1570 omnes,
1113 1525 1267 1574 qualem

77 1601 159 1626 esse
188 1587 368 1638 princeps
394 1587 491 1625 mihi
518 1587 696 1626 credidit.
766 1601 866 1638 quae
891 1601 1007 1626 causa
1032 1589 1063 1626 si
1090 1590 1267 1629 studium

78 1665 209 1691 meum
223 1665 303 1690 non
318 1652 512 1699 incitaret,
530 1651 711 1690 adiutum
731 1657 864 1691 tamen
884 1666 1065 1702 cuperem
1084 1654 1267 1694 iuvenem

77 1716 367 1767 probissimum,
400 1716 686 1767 gravissimum,
718 1716 1040 1764 eruditissimum,
1072 1720 1179 1757 omni
1208 1720 1270 1759 de-

78 1781 197 1832 nique
216 1781 332 1819 laude
352 1781 639 1832 dignissimum,
663 1786 702 1820 et
728 1782 888 1832 quidem
914 1796 1001 1821 cum
1028 1788 1112 1822 tota
1138 1785 1265 1825 domo.
1285 1780 1306 1809 4

78 1860 169 1884 nam
199 1852 312 1896 pater
342 1846 376 1884 ei
406 1846 572 1884 Erucius
604 1845 751 1893 Clarus,
781 1846 842 1884 vir
869 1853 1038 1893 sanctus,
1067 1849 1265 1900 antiquus,

78 1910 259 1957 disertus,
295 1916 413 1961 atque
451 1910 492 1949 in
531 1911 693 1961 agendis
731 1911 857 1949 causis
890 1913 1137 1962 exercitatus,
1173 1929 1268 1966 quas

78 1988 231 2014 summa
259 1975 346 2022 fide,
376 1975 461 2026 pari
491 1975 723 2023 constantia,
754 1989 824 2014 nec
853 1978 1089 2016 verecundia
1118 1980 1268 2019 minore

78 2039 266 2079 defendit.
338 2039 457 2078 habet
483 2039 720 2078 avunculum
746 2040 787 2079 C.
812 2040 1038 2091 Septicium,
1066 2057 1144 2094 quo
1170 2045 1269 2083 nihil

78 2105 220 2151 verius,
242 2104 341 2142 nihil
367 2104 595 2155 simplicius,
620 2105 720 2143 nihil
748 2105 962 2153 candidius,
988 2108 1088 2147 nihil
1113 2110 1268 2149 fidelius

664 2171 690 2196 D

1287 1383 1306 1415 3
