1492 2469
476 252 819 286 EPISTULARUM
848 252 895 284 ΙΙ.
927 261 976 284 ΧΙ.
1272 255 1320 290 55

132 357 260 395 Mario
294 356 390 395 urbe
425 355 619 406 Italiaque
653 355 980 401 interdicendum,
1016 355 1217 393 Marciano
1252 355 1322 393 hoc

132 421 300 472 amplius
327 421 472 459 Africa.
530 421 571 458 in
597 421 673 458 fine
702 420 920 458 sententiae
950 419 1104 466 adiecit,
1126 419 1231 470 quod
1252 433 1322 470 ego

131 493 171 524 et
190 486 349 524 Tacitus
374 485 552 523 iniuncta
576 485 833 524 advocatione
862 485 1073 536 diligenter
1101 490 1141 524 et
1169 485 1323 523 fortiter

131 551 255 588 functi
289 563 470 597 essemuS,
503 549 684 588 arbitrari
714 555 895 588 senatum
928 550 986 588 ita
1016 563 1086 588 nos
1115 550 1248 588 fecisse
1278 558 1320 588 ut

131 615 293 666 dignum
318 615 514 653 mandatis
540 614 718 665 partibus
746 614 874 653 fuerit.
949 615 1208 653 adsenserunt
1236 628 1318 653 con-
1340 623 1381 654 20

130 679 232 718 sules
269 679 474 730 designati,
516 692 648 717 omnes
688 679 806 717 etiam
845 679 1067 718 consulares
1109 693 1230 730 usque
1272 680 1318 718 ad

130 744 361 794 Pompeium
383 744 598 794 Collegam:
629 743 694 782 ille
715 750 754 782 et
775 744 1025 795 septingenta
1044 744 1154 782 milia
1172 745 1320 783 aerario

129 809 331 847 inferenda
346 815 386 847 et
401 809 648 847 Marcianum
664 808 704 846 in
720 809 1035 859 quinquennium
1054 809 1319 860 relegandum,

128 873 300 912 Marium
317 873 625 924 repetundarum
641 887 801 924 poenae,
819 888 937 924 quam
953 875 1031 912 iam
1051 888 1186 925 passus
1207 880 1317 922 esset,

128 938 279 977 censuit
311 938 625 988 relinquendum.
702 944 814 976 erant
848 938 889 976 in
924 945 1089 989 utraque
1124 939 1320 978 sententia
1338 946 1374 976 21

127 1003 253 1048 multi,
281 1004 445 1041 fortasse
475 1003 594 1040 etiam
623 1002 756 1052 plures
785 1003 826 1040 in
855 1002 927 1041 hac
957 1003 1018 1041 vel
1048 1003 1233 1042 solutiore
1259 1005 1317 1042 vel

127 1067 314 1106 molliore.
384 1081 475 1105 nam
501 1066 662 1117 quidam
688 1080 736 1105 ex
762 1067 839 1105 illis
865 1081 1021 1118 quoque
1048 1068 1116 1118 qui
1143 1068 1319 1108 Cornuto

127 1132 366 1170 videbantur
399 1131 555 1170 adsensi
593 1131 708 1179 hunc,
744 1132 813 1182 qui
846 1138 936 1182 post
969 1133 1074 1183 ipsos
1103 1141 1317 1179 censuerat,

126 1197 400 1247 sequebantur.
478 1196 546 1234 sed
585 1210 673 1234 cum
712 1197 823 1235 fieret
870 1197 1067 1244 discessio,
1108 1198 1176 1248 qui
1216 1199 1318 1237 sellis
1339 1209 1380 1237 22

125 1261 328 1299 consulum
354 1261 592 1299 adstiterant
620 1262 661 1299 111
691 1261 857 1300 Cornuti
887 1263 1125 1301 sententiam
1154 1263 1210 1302 ire
1240 1277 1319 1302 coe-

125 1332 278 1376 perunt.
349 1331 435 1363 tum
463 1325 521 1363 illi
551 1326 619 1376 qui
645 1340 684 1364 se
711 1325 891 1376 Collegae
923 1326 1172 1366 adnumerari
1200 1329 1318 1379 patio>

124 1391 269 1428 bantur
296 1390 337 1428 in
367 1389 566 1428 diversum
596 1390 849 1438 transierunt,
882 1391 1042 1442 Collega
1070 1406 1158 1430 cum
1186 1395 1319 1442 paucis

124 1455 292 1493 relictus.
351 1454 521 1492 multum
551 1460 686 1505 postea
715 1455 763 1494 de
792 1455 1060 1506 impulsoribus
1089 1458 1178 1504 suis,
1212 1472 1319 1509 prae-

125 1520 237 1570 cipue
275 1519 323 1557 de
362 1519 525 1570 Regulo,
561 1525 722 1570 questus
761 1526 832 1568 est,
867 1521 936 1571 qui
969 1534 1009 1559 se
1042 1522 1083 1559 in
1121 1524 1319 1562 sententia

124 1597 242 1635 quam
261 1584 344 1634 ipse
365 1583 584 1622 dictaverat
604 1584 850 1623 deseruisset.
921 1592 980 1624 est
999 1586 1145 1637 alioqui
1166 1588 1318 1639 Regulo

124 1655 205 1687 tam
226 1648 369 1687 mobile
389 1649 593 1699 ingenium
614 1654 658 1687 ut
678 1649 892 1699 plurimum
923 1651 1076 1699 audeat,
1104 1652 1317 1703 plurimum

125 1714 275 1752 timeat.
330 1713 393 1751 hic
423 1713 512 1750 finis
541 1713 778 1764 cognitionis
811 1714 1083 1764 amplissimae.
1142 1724 1317 1767 superest
1335 1731 1376 1761 23

124 1784 255 1817 tamen
304 1777 544 1827 λειτούργιον
590 1791 669 1816 non
717 1778 813 1825 leve,
864 1778 1060 1818 Hostilius
1105 1780 1316 1829 Firminus,

124 1843 276 1894 legatus
309 1842 412 1880 Mari
446 1842 583 1889 Prisci,
620 1842 688 1892 qui
721 1842 941 1892 permixtus
975 1857 1112 1882 causae
1145 1846 1319 1896 graviter

124 1907 453 1957 vehementerque
500 1914 667 1944 vexatus
714 1912 784 1944 est.
867 1920 958 1945 nam
1012 1913 1052 1946 et
1098 1909 1317 1949 rationibus

124 1972 314 2010 Marciani
347 1976 387 2009 et
419 1984 599 2010 sermone
633 1984 751 2021 quem
785 1970 850 2009 ille
884 1971 1078 2011 habuerat
1110 1974 1151 2012 in
1180 1975 1316 2014 ordine

123 2036 424 2087 Leptitanorum
458 2049 615 2086 operam
652 2049 763 2073 suam
798 2035 932 2075 Prisco
963 2037 1012 2076 ad
1046 2039 1315 2089 turpissimum

123 2101 387 2139 ministerium
414 2100 689 2148 commodasse,
717 2101 1009 2153 stipulatusque
1037 2103 1084 2142 de
1111 2103 1315 2145 Marciano
