1492 2469
421 241 766 275 EPISTULARUM
791 242 838 274 II.
867 251 1044 275 X1111.-xV.
1282 245 1326 282 61

137 347 279 397 inquit,
313 346 407 385 ‘hoc
437 347 646 385 artificium
675 347 815 397 periit.'
894 345 998 396 quod
1030 346 1177 397 alioqui
1206 347 1332 397 perire
1353 355 1391 385 12

138 411 362 462 incipiebat,
403 425 491 449 cum
529 411 676 462 perisse
713 411 811 449 Afro
849 410 1059 458 videretur,
1100 424 1202 449 nunc
1240 424 1332 449 vero

136 489 259 526 prope
298 475 476 514 funditus
517 476 739 514 extinctum
779 481 818 513 et
856 488 1036 513 eversum
1075 481 1144 514 est.
1210 475 1333 526 pudet

137 540 280 579 referre
319 554 418 591 quae
457 554 574 591 quam
614 540 738 578 fracta
775 540 1097 591 pronuntiatione
1136 539 1327 587 dicantur,

137 605 279 655 quibus
299 618 418 655 quam
439 605 587 643 teneris
607 604 842 643 clamoribus
862 604 1118 655 excipiantur.
1171 603 1331 654 plausus
1350 612 1389 643 13

136 676 292 708 tantum
313 684 355 707 ac
376 669 508 720 potius
525 669 606 707 sola
623 669 803 719 cymbala
818 673 858 707 et
872 674 1064 719 tympana
1078 668 1154 706 illis
1169 668 1330 706 canticis

136 735 303 772 desunt:
338 734 513 772 ululatus
543 733 702 784 quidem
730 734 873 784 (neque
903 733 1007 771 enim
1035 733 1111 771 alio
1140 733 1329 771 vocabulo

135 804 266 849 potest
306 798 476 848 exprimi
514 798 679 835 theatris
717 811 872 848 quoque
915 797 1099 836 indecora
1135 797 1327 848 laudatio)

134 864 239 914 large
272 868 494 913 supersunt.
566 876 636 900 nos
666 868 799 900 tamen
830 862 957 900 adhuc
987 868 1026 900 et
1056 862 1207 900 utilitas
1236 863 1327 900 ami-
1349 870 1386 899 14

134 942 267 966 corum
299 934 337 965 et
368 928 469 965 ratio
498 928 639 965 aetatis
668 933 845 965 moratur
874 940 917 965 ac
946 927 1107 964 retinet:
1146 939 1328 965 veremur

133 994 237 1032 enim
276 1005 324 1030 ne
363 992 464 1029 forte
502 1005 582 1029 non
621 991 690 1029 has
727 991 986 1042 indignitates
1022 991 1224 1041 reliquisse
1257 992 1324 1029 sed

132 1058 306 1096 laborem
353 1056 497 1107 fugisse
542 1055 756 1094 videamur.
843 1069 976 1093 sumus
1019 1061 1152 1093 tamen
1208 1055 1325 1094 solito

131 1122 308 1167 rariores,
331 1120 436 1171 quod
456 1120 614 1158 initium
636 1125 695 1158 est
714 1120 907 1171 gradatim
936 1119 1152 1158 desinendi.
1212 1120 1306 1159 vale.

678 1307 765 1345 XV.

395 1411 427 1441 C.
448 1411 618 1440 PLINIUS
643 1410 888 1440 VALERIANO
915 1410 996 1440 sUO
1021 1410 1053 1440 S.

166 1496 217 1525 He
229 1495 299 1524 asks
319 1496 509 1524 Valerianus
530 1496 595 1524 how
609 1496 644 1524 he
659 1495 733 1524 Zilces
754 1495 804 1524 lzz's
824 1495 876 1523 old
890 1495 1040 1524 Mam-sian
1057 1498 1157 1531 estate,
1175 1495 1242 1524 and
1255 1495 1322 1524 also

127 1554 206 1575 some
219 1549 368 1583 property
383 1546 478 1576 which
495 1546 531 1575 lze
544 1546 601 1575 has
615 1546 749 1581 recently
759 1545 947 1581 purchased.

181 1628 266 1675 Quo
293 1627 409 1666 modo
434 1633 473 1666 te
500 1632 652 1666 veteres
678 1627 801 1665 Marsi
821 1628 907 1666 tui?
938 1640 1016 1678 quo
1035 1628 1153 1666 modo
1173 1630 1320 1679 emptio
1340 1640 1354 1670 1

127 1693 256 1730 nova?
302 1692 459 1742 placent
479 1692 573 1742 agri,
595 1696 805 1742 postquam
826 1692 885 1729 tui
905 1691 997 1730 facti
1013 1694 1135 1731 sunt?
1187 1706 1319 1731 rarum

126 1757 166 1795 id
186 1757 346 1807 quidem
367 1772 372 1794 :
402 1756 504 1794 nihil
520 1757 624 1795 enim
641 1769 763 1806 aeque
778 1762 933 1807 gratum
955 1762 1014 1795 est
1029 1756 1182 1808 adeptis
1202 1771 1317 1809 quam

126 1821 499 1872 concupiscentibus.
563 1834 625 1859 me
654 1821 814 1872 praedia
842 1827 1021 1860 materna
1047 1835 1187 1873 parum
1220 1836 1317 1862 com-
1337 1834 1356 1865 2

125 1885 240 1924 mode
259 1891 441 1933 tractant,
465 1885 664 1924 delectant
684 1890 817 1923 tamen
836 1890 882 1924 ut
900 1890 1091 1932 materna,
1113 1892 1152 1925 et
1171 1887 1317 1939 alioqui

125 1950 241 2001 longa
260 1951 452 2001 patientia
472 1950 642 1988 occallui.
694 1950 842 1989 habent
870 1950 974 1989 hunc
994 1952 1112 1990 finem
1132 1952 1318 1991 adsiduae

124 2015 319 2065 querellae
339 2015 445 2066 quod
465 2015 576 2066 queri
594 2014 728 2065 pudet.
788 2014 882 2053 vale.
