1492 2469
441 263 783 296 EPISTULARUM
808 263 854 294 ΙΙ.
885 272 907 294 1.
1237 265 1285 301 39

96 369 301 419 sioncsque
330 368 571 415 coniunctae,
602 373 803 418 practerea
828 367 933 417 quod
962 367 1026 404 ille
1056 367 1153 405 mihi
1179 372 1287 405 tutor

95 433 254 472 relictus
275 433 471 472 adfectum
492 433 667 484 parentis
696 432 891 471 exhibuit.
957 432 1010 469 sic
1035 431 1286 470 candidatum

96 511 157 537 me
187 499 371 549 suffragio
400 499 568 544 ornavit,
591 498 644 536 sic
673 497 722 535 ad
752 510 886 535 omnes
915 497 1082 535 honores
1110 510 1217 535 meos
1240 510 1288 535 ex

95 563 309 602 secessibus
329 563 558 608 accucurrit,
576 576 663 600 cum
683 562 760 600 iam
777 561 929 612 pridem
947 561 1137 600 eiusmodi
1154 561 1289 599 officiis

96 628 371 675 renuntiasset,
386 629 439 666 sic
454 628 522 666 illo
535 627 598 665 die
614 640 691 677 quo
707 626 928 665 sacerdotes
944 627 1071 664 solent
1087 627 1288 664 nominare

97 706 194 742 quos
223 692 475 744 dignissimos
504 691 721 730 sacerdotio
750 691 926 729 iudicant
954 704 1016 729 me
1046 704 1198 742 semper
1226 704 1291 729 no—

96 757 284 795 minabat.
362 757 457 807 quin
487 756 606 795 etiam
640 757 680 794 in
714 756 786 794 hac
819 756 1032 794 novissima
1064 755 1291 795 valetudine
1331 765 1350 793 9

98 822 247 859 veritus
289 834 338 860 ne
376 822 476 860 forte
514 821 620 859 inter
656 821 937 871 quinqueviros
976 826 1184 868 crearetur,
1223 822 1289 871 qui

98 885 322 923 minuendis
350 885 518 936 publicis
547 885 770 935 sumptibus
799 885 943 923 iudicio
973 891 1132 923 senatus
1152 886 1292 923 consti-

98 951 322 997 tuebantur,
363 963 451 988 cum
487 949 545 987 illi
583 954 644 987 tot
681 949 793 987 amici
833 962 944 987 senes
991 949 1290 1000 consularesque

99 1018 358 1065 superessent,
388 1027 450 1051 me
478 1013 595 1051 huius
623 1013 763 1051 aetatis
792 1027 863 1064 per
887 1027 1004 1064 quem
1039 1021 1291 1053 excusaretur

98 1079 227 1130 elegit,
259 1078 320 1116 his
351 1078 509 1128 quidem
540 1078 670 1116 verbis
702 1079 843 1116 ‘etiam
875 1079 907 1116 si
937 1079 1062 1116 filium
1094 1079 1288 1126 haberem,

99 1143 171 1181 tibi
198 1142 449 1180 mandarem.'
515 1142 657 1192 quibus
689 1156 738 1181 ex
769 1143 895 1181 causis
926 1157 1081 1181 necesse
1109 1150 1168 1182 est
1195 1150 1293 1182 tam·
1313 1149 1351 1180 10

98 1220 218 1257 quam
246 1207 482 1245 inmaturam
511 1211 680 1244 mortem
709 1207 791 1245 eius
820 1207 861 1245 in
890 1207 979 1246 sinu
1007 1213 1077 1246 tuo
1104 1208 1292 1258 defleam3

99 1272 132 1309 si
158 1277 290 1309 tamen
309 1271 367 1309 fas
388 1277 447 1309 est
466 1276 535 1308 aut
554 1271 646 1309 flere
676 1277 744 1309 aut
773 1273 933 1310 omnino
953 1277 1121 1311 mortem
1141 1287 1289 1321 vocare,

100 1350 177 1386 qua
206 1336 307 1374 tanti
327 1335 402 1373 viri
431 1336 652 1373 mortalitas
680 1336 803 1386 magis
832 1337 944 1374 finita
972 1350 1091 1387 quam
1110 1337 1193 1375 vita
1222 1344 1291 1376 est.

100 1401 201 1438 vivit
238 1401 343 1438 enim
381 1400 567 1450 vivetque
606 1413 759 1450 semper
795 1406 912 1451 atque
951 1401 1070 1439 etiam
1104 1402 1221 1440 latius
1252 1404 1292 1441 in
1315 1417 1349 1446 ll

101 1466 288 1504 memoria
318 1465 522 1503 hominum
554 1469 594 1502 et
624 1478 801 1503 sermone
832 1466 1062 1513 versabitur,
1085 1472 1291 1517 postquam

103 1531 150 1568 ab
171 1530 293 1568 oculis
313 1530 480 1567 recessit.
553 1529 659 1568 volui
681 1530 754 1568 tibi
783 1530 909 1568 multa
928 1531 1003 1568 alia
1024 1531 1203 1579 scribere,
1226 1532 1293 1571 sed
1317 1545 1353 1574 12

102 1601 209 1634 totus
229 1595 382 1633 animus
412 1595 452 1632 in
481 1594 552 1632 hac
580 1607 660 1632 una
688 1594 1019 1644 contemplatione
1049 1595 1202 1634 defixus
1222 1603 1291 1634 est.

103 1660 336 1711 Verginium
365 1659 504 1709 cogito,
535 1659 768 1710 Verginium
797 1658 923 1705 video,
954 1659 1188 1711 Verginium
1216 1661 1293 1699 iam

102 1726 213 1763 vanis
242 1724 488 1775 imaginibus,
510 1724 733 1761 recentibus
762 1728 904 1769 tamen,
936 1724 1064 1772 audio,
1093 1725 1293 1776 adloquor,

104 1796 219 1828 teneo
234 1803 244 1835 3
272 1789 334 1826 cui
361 1788 526 1826 fortasse
556 1788 658 1826 cives
687 1787 839 1838 aliquos
872 1788 1086 1827 virtutibus
1115 1803 1226 1840 pares
1256 1796 1295 1828 et

106 1853 293 1891 habemus
313 1856 352 1890 et
371 1851 614 1900 habebimus,
635 1851 759 1903 gloria
777 1853 984 1891 neminem.
1044 1854 1140 1896 vale.
