1492 2469
176 229 225 265 58
673 225 710 258 Ο.
731 224 864 257 PLINI

174 337 256 368 tere
287 330 337 369 ad
365 335 531 377 nostros,
561 343 632 368 1100
660 329 732 367 hos
759 329 914 368 multos.
972 329 1107 368 malles
1135 336 1181 368 tu
1206 329 1366 380 quidem

175 395 330 442 multos,
354 395 422 433 sed
451 408 560 434 meae
580 394 838 433 verecundiae
867 395 1009 433 sufficit
1036 408 1139 433 unus
1167 401 1235 433 aut
1255 395 1363 442 alter,

136 473 156 502 4
175 474 216 498 ae
232 461 361 511 potius
373 473 487 498 unus.
536 460 569 497 is
585 459 660 498 erit
675 459 875 497 Voconius
891 459 1102 497 Romanus.
1147 465 1258 509 pater
1274 459 1309 498 ei
1326 459 1364 496 in

175 525 347 574 equestri
359 524 484 575 gradu
498 523 636 569 clarus,
651 522 791 561 clarior
802 523 978 569 vitricus,
992 524 1112 562 immo
1124 530 1238 574 pater
1249 523 1364 562 alius:

174 603 264 627 nam
294 589 385 627 1111ἰο
414 602 569 639 quoque
598 588 749 626 nomini
778 589 923 639 pietate
951 588 1145 627 successit.
1201 595 1328 627 mater
1346 603 1366 625 e

175 655 311 705 primis
331 654 522 692 citerioris
539 653 770 704 Hispaniae:
801 654 872 691 scis
888 653 995 704 quod
1009 653 1199 691 iudicium
1213 653 1368 704 provin-

135 730 155 760 5
175 720 254 758 ciae
277 719 392 766 illius,
415 724 563 769 quanta
586 719 637 756 sit
665 719 848 769 gravitas.
906 719 990 768 ipse
1018 719 1160 756 flamen
1188 718 1366 768 proxime

174 784 259 822 fuit.
318 783 422 821 hunc
443 796 525 833 ego,
547 796 636 821 cum
657 782 773 820 simul
800 782 1059 829 studeremus,
1082 787 1164 820 arte
1185 782 1368 820 familiar-

174 848 325 898 iterque
346 847 491 885 dilexi:
520 847 585 886 ille
613 860 723 885 meus
751 847 793 885 in
821 847 928 893 urbe,
950 847 1016 885 ille
1042 847 1084 884 in
1111 860 1262 885 secessu
1281 861 1367 885 con-

137 927 155 955 6
175 912 402 960 tubernalis‚
420 925 508 950 cum
528 911 602 950 1100
622 913 733 959 seria,
751 925 840 950 cum
860 912 932 950 1100
953 912 1056 950 iocos
1076 912 1223 951 miscui.
1272 912 1366 962 quid

176 978 280 1015 enim
312 977 380 1015 illo
414 983 482 1015 aut
516 977 669 1015 fidelius
703 977 826 1015 amico
860 982 929 1015 aut
962 977 1094 1015 sodale
1131 977 1367 1016 iucundius?

174 1042 274 1079 mira
311 1041 351 1079 in
382 1054 572 1088 sermone,
605 1041 704 1079 mira
735 1042 853 1079 etiam
883 1041 924 1079 in
958 1055 1024 1080 ore
1056 1042 1142 1092 ipso
1175 1041 1367 1092 vultuque

136 1113 154 1144 7
174 1107 358 1144 suavitas.
429 1106 479 1144 ad
498 1106 572 1144 1100
593 1106 799 1156 ingenium
827 1106 1039 1152 excelsum,
1061 1107 1219 1153 subtile,
1241 1106 1364 1153 dulce,

173 1171 295 1214 facile,
329 1170 530 1208 eruditum
556 1170 597 1208 in
625 1171 750 1209 causis
779 1171 965 1221 agendis:
995 1171 1182 1222 epistulas
1208 1171 1367 1222 quidem

137 1242 155 1271 S
174 1236 320 1281 scribit,
342 1241 388 1273 ut
407 1236 542 1273 Musas
571 1235 676 1285 ipsas
705 1235 845 1274 Latine
868 1235 977 1286 loqui
997 1236 1142 1274 credas.
1215 1241 1368 1274 amatur

174 1315 196 1339 a
217 1314 278 1339 me
298 1300 513 1351 plurimum
533 1314 604 1338 nec
625 1306 758 1339 tamen
778 1301 960 1339 vincitur.
1012 1301 1195 1351 equidem
1214 1301 1367 1340 iuvenis

173 1365 310 1404 statim
336 1365 467 1403 iuveni
495 1370 687 1415 quantum
716 1365 827 1415 potui
856 1378 926 1415 per
945 1370 1115 1403 aetatem
1143 1365 1367 1404 avidissime

174 1430 323 1468 contuli
353 1437 392 1468 et
420 1443 546 1480 nuper
571 1429 620 1467 ab
647 1429 797 1479 optimo
818 1429 994 1479 principe
1013 1429 1136 1467 trium
1155 1429 1367 1468 liberorum

172 1496 233 1534 ius
253 1495 473 1545 impetravi.
533 1494 639 1544 quod
659 1507 897 1544 quamquam
912 1507 1026 1544 parce
1047 1499 1087 1532 et
1106 1507 1193 1532 cum
1213 1493 1366 1532 delectu

136 1571 155 1598 f)
174 1560 297 1607 daret,
319 1559 418 1596 mihi
439 1563 584 1605 tamen,
607 1564 809 1608 tamquam
830 1558 1002 1609 eligeret,
1025 1558 1201 1596 indulsit.
1273 1558 1368 1597 haec

173 1625 363 1663 beneficia
378 1637 465 1662 mea
479 1623 580 1661 tueri
596 1623 705 1661 nullo
721 1623 838 1661 modo
854 1623 994 1661 melius
1010 1636 1127 1673 quam
1143 1628 1188 1661 ut
1204 1636 1367 1674 augeam

173 1703 342 1740 possum,
365 1688 597 1738 praesertim
627 1701 715 1725 011111
744 1688 826 1738 ipse
856 1687 924 1725 illa
951 1692 1033 1725 tam
1053 1693 1161 1738 grate
1180 1687 1369 1738 interpre-

172 1760 281 1793 tetur
318 1759 375 1799 ut,
415 1753 511 1791 dum
548 1753 681 1802 priora
718 1753 870 1803 accipit,
906 1752 1123 1803 posteriora
1159 1757 1364 1790 mereatur.

119 1828 154 1856 10
173 1819 293 1857 habes
315 1818 452 1868 qualis,
475 1831 593 1868 quam
614 1817 804 1868 probatus
826 1830 1014 1867 carusque
1035 1817 1087 1855 sit
1107 1817 1232 1863 nobis,
1250 1830 1368 1868 quem

172 1897 266 1933 rogo
285 1896 357 1933 pro
377 1882 546 1932 ingenio,
570 1895 640 1932 pro
661 1882 821 1919 fortuna
841 1887 910 1919 tua
929 1895 1105 1920 exornes.
1162 1881 1204 1919 in
1231 1882 1368 1932 primis

173 1962 260 1986 ama
278 1947 479 1985 hominem
496 1961 502 1983 :
537 1959 629 1984 nam
649 1946 741 1984 licet
760 1946 912 1984 tribuas
941 1946 976 1984 ei
1005 1951 1196 1996 quantum
1217 1946 1369 1997 amplis-

172 2013 314 2051 simum
335 2018 458 2062 potes,
480 2010 580 2048 nihil
609 2016 743 2049 tamen
769 2010 936 2060 amplius
956 2016 1067 2061 potes
1087 2010 1259 2049 amicitia
1277 2016 1369 2058 tua;

173 2078 283 2115 euius
321 2089 403 2114 esse
442 2089 533 2113 eum
572 2088 695 2125 usque
743 2075 792 2113 ad
838 2075 1020 2113 intimam
1061 2075 1369 2113 familiaritatem
