1492 2469
452 269 796 302 EPISTULARUM
822 269 868 300 ΙΙ.
897 277 946 300 XI.
1249 270 1297 306 53

105 376 287 415 ultimam
324 389 503 427 poenam,
540 374 764 413 Marcianus
802 373 918 411 unius
953 372 1097 423 equitis
1129 372 1299 410 Romani

105 440 364 492 septingentis
381 440 537 478 milibus
552 439 665 490 plura
681 438 871 489 supplicia
889 437 1126 489 arguebatur
1141 438 1298 476 emisse:

105 511 188 544 erat
226 506 337 543 enim'
368 504 540 543 fustibus
574 517 717 550 caesus,
753 503 963 541 damnatus
1001 502 1043 540 in
1080 502 1297 549 metallum,

105 569 374 621 strangulatus
403 569 444 607 in
474 581 633 607 carcere.
703 568 771 606 sed
801 567 1051 606 Honoratum
1082 566 1298 617 cognitioni
1339 570 1358 600 9

105 640 264 673 senatus
279 648 383 672 mors
401 639 624 684 opportuna
640 632 848 678 subtraxit,
867 632 1091 670 Marcianus
1112 631 1297 669 inductus

104 705 163 738 est
183 699 344 738 absente
360 699 505 737 Prisco.
562 698 695 748 itaque
716 697 880 735 Tuccius
901 696 1064 735 Cerialis
1084 696 1298 734 consularis

103 765 188 802 iure
209 763 405 802 senatorio
424 762 643 813 postulavit
661 766 707 800 ut
726 762 883 800 Priscus
909 762 1052 800 certior
1070 761 1191 799 fieret.
1216 761 1297 799 sive

104 830 196 880 quia
215 828 548 873 miserabiliorem,
571 827 652 865 sive
673 827 765 877 quia
784 826 1079 865 invidiosiorem
1098 826 1180 864 fore
1201 825 1299 864 arbi·

103 894 294 941 trabatur,
317 893 349 931 si
369 905 552 943 praesens
572 891 721 937 fuisset,
741 891 832 938 sive,
851 890 957 941 quod
977 891 1147 929 maxime
1168 891 1294 938 credo,

103 958 194 1008 quia
222 958 502 1008 aequissimum
531 961 615 994 erat
643 969 847 994 commune
877 955 1023 993 crimen
1052 955 1102 993 ab
1130 961 1298 1005 utroque

102 1022 273 1069 defendi,
296 1028 336 1060 et
363 1021 394 1059 si
422 1021 520 1059 dilui
547 1034 625 1059 non
653 1020 858 1070 potuisset,
886 1020 926 1057 in
955 1025 1122 1070 utroque
1152 1020 1291 1070 puniri.

102 1085 225 1124 dilata
270 1099 331 1124 res
375 1090 434 1124 est
472 1085 513 1123 in
550 1085 778 1135 proximum
824 1089 1016 1131 senatum,
1056 1085 1165 1122 cuius
1212 1085 1296 1136 ipse
1318 1093 1356 1123 10

102 1155 331 1201 conspectus
352 1149 650 1200 augustissimus
670 1149 757 1187 fuit.
816 1149 996 1199 princeps
1022 1149 1296 1199 praesidebat3

102 1221 185 1254 erat
201 1215 305 1254 enim
322 1214 456 1253 consul
473 1230 480 1253 ε
508 1214 557 1252 ad
578 1214 650 1252 hoc
667 1214 872 1252 Ianuarius
892 1214 1037 1252 mensis
1058 1227 1146 1252 cum
1167 1221 1296 1253 cetera

102 1286 187 1318 tum
224 1279 431 1330 praecipue
470 1284 695 1318 senatorum
732 1279 955 1329 frequentia
992 1279 1294 1318 celeberrimus:

101 1349 304 1394 praeterea
341 1357 479 1383 causae
517 1344 738 1394 amplitudo
776 1349 966 1394 auctaque
1004 1344 1194 1383 dilatione
1232 1358 1295 1383 ex-

101 1409 271 1458 pectatio
315 1414 354 1447 et
403 1409 507 1446 fama
553 1408 794 1459 insitumque
840 1408 1072 1447 mortalibus
1120 1410 1294 1448 studium

101 1486 244 1525 magna
262 1478 302 1512 et
317 1473 507 1511 inusitata
527 1473 714 1511 noscendi
735 1487 869 1511 omnes
888 1473 1064 1524 undique
1085 1475 1293 1513 exciverat.

101 1537 314 1589 imaginare
343 1551 442 1588 quae
472 1537 696 1576 sollicitudo
730 1538 854 1586 nobis,
886 1539 953 1589 qui
982 1544 1121 1587 metus,
1151 1540 1295 1589 quibus
1316 1546 1352 1577 11

101 1615 217 1653 super
230 1607 344 1640 tanta
358 1615 399 1641 re
415 1603 455 1640 in
472 1602 539 1641 illo
555 1609 666 1641 coetu
683 1608 888 1653 praesente
904 1603 1069 1642 Caesare
1085 1604 1296 1643 dicendum

101 1672 193 1705 erat.
265 1666 449 1717 equidem
472 1667 513 1704 in
541 1673 679 1705 senatu
705 1681 784 1705 non
812 1668 930 1706 semel
957 1669 1028 1719 egi,
1052 1669 1149 1719 quin
1174 1669 1295 1709 immo

103 1745 294 1782 nusquam
324 1731 454 1770 audiri
488 1731 697 1782 benignius
726 1732 843 1779 soleo,
873 1739 968 1772 tunc
996 1747 1059 1772 me
1088 1739 1220 1772 tamen
1250 1741 1295 1773 ut

101 1809 204 1834 nova
227 1796 358 1835 omnia
381 1810 483 1835 novo
510 1803 620 1835 metu
646 1798 942 1847 permovebant.
1012 1799 1295 1838 obversabatur
1315 1804 1354 1835 12

102 1866 258 1910 praeter
275 1861 344 1899 illa
363 1874 462 1911 quae
483 1874 601 1912 supra
628 1861 711 1900 dixi
738 1876 876 1900 causae
903 1863 1133 1902 difficultas:
1164 1865 1294 1903 stabat

101 1925 217 1963 modo
264 1926 488 1973 consularis,
528 1926 646 1965 modo
693 1927 908 1978 septemvir
954 1929 1175 1979 epulonum,
1216 1930 1294 1968 iam

102 1995 296 2029 neutrum.
373 1996 457 2029 erat
494 2004 586 2042 ergo
624 2005 815 2042 perquam
862 2005 1070 2031 onerosum
1114 2008 1294 2034 accusare
1315 2002 1353 2033 13

101 2053 342 2102 damnatum,
365 2068 481 2104 quem
509 2060 556 2093 ut
584 2056 789 2106 premebat
817 2057 1001 2096 atrocitas
1031 2059 1216 2107 criminis,
1238 2061 1295 2099 ita

99 2119 209 2169 quasi
238 2124 418 2169 peractae
447 2120 712 2159 damnationis
738 2121 936 2161 miseratio
965 2123 1162 2162 tuebatur.
1235 2130 1294 2163 ut—
1316 2132 1353 2161 14
