1492 2469
173 237 195 274 6
669 237 705 270 C.
728 238 860 270 PLINI

170 345 267 390 puto
287 339 336 379 de
357 354 434 391 quo
459 342 760 392 pronuntiatum
782 343 864 380 est!
935 343 1149 382 conticuit:
1184 358 1245 383 me
1274 345 1359 383 laus

171 409 210 442 et
228 404 440 455 gratulatio
461 411 593 444 secuta
612 411 680 452 est,
704 406 809 456 quod
829 420 899 444 nec
919 407 1062 445 famam
1082 421 1208 446 meam
1228 409 1359 459 aliquo

170 482 366 519 responso,
402 470 492 508 utili
526 470 701 517 fortasse,
742 471 951 509 inhonesto
989 476 1131 518 tamen,
1170 473 1356 511 laeseram

170 547 240 571 nec
278 547 339 571 me
377 534 525 584 laqueis
563 540 645 572 tam
692 535 902 573 insidiosae
948 535 1266 587 interrogationis
1302 538 1357 575 in-

132 607 151 637 8
170 598 380 636 volveram.
453 612 557 637 nunc
587 612 679 650 ergo
709 600 947 638 conscientia
981 601 1191 639 exterritus
1225 601 1358 652 adpre-

170 662 309 701 hendit
348 663 560 701 Caecilium
609 663 797 711 Celerem,
837 678 930 703 mox
975 664 1143 703 Fabium
1189 666 1354 712 Iustum,

170 733 282 778 rogat
315 732 360 765 ut
394 741 455 765 me
490 728 564 766 sibi
592 729 854 768 reconcilient.
926 743 996 768 nec
1026 735 1244 778 contentus,
1275 744 1358 781 per-

170 792 279 830 venit
313 791 362 830 ad
395 792 660 842 Spurinnam:
699 793 790 832 huic
823 794 1063 845 suppliciter,
1098 800 1144 833 ut
1177 801 1236 833 est
1269 809 1358 834 cum

170 857 285 895 timet
334 857 629 905 abiectissimus,
671 863 789 908 ‘rogo
839 872 953 897 mane
1004 859 1138 897 videas
1183 859 1354 898 Plinium

169 921 287 967 domi,
322 921 391 959 sed
433 922 548 972 plane
590 936 704 960 mane
747 923 891 973 (neque
933 923 1038 961 enim
1075 923 1224 962 diutius
1256 924 1360 962 ferre

170 986 474 1024 sollicitudinem
526 988 713 1037 possum),
762 994 801 1025 et
845 1000 1003 1038 quoquo
1049 987 1166 1025 modo
1217 988 1361 1026 efficias

131 1059 150 1090 9
169 1064 218 1089 ne
250 1051 349 1088 mihi
386 1051 599 1089 irascatur.’
669 1051 967 1102 evigilaveram:
1006 1052 1170 1090 nuntius
1203 1065 1225 1090 a
1262 1052 1359 1103 Spu·

169 1116 306 1156 rinna:
339 1115 477 1153 ‘venio
501 1115 550 1153 ad
577 1115 638 1154 te.’
698 1116 842 1154 ‘immo
862 1129 932 1167 ego
953 1116 1002 1154 ad
1022 1116 1085 1154 te.⁷
1141 1117 1288 1155 coimus
1316 1118 1358 1154 in

168 1180 363 1231 porticum
392 1180 540 1226 Liviae,
571 1194 659 1218 cum
687 1181 786 1219 alter
815 1181 864 1219 ad
893 1181 1059 1219 alterum
1093 1181 1357 1220 tenderemus.

170 1245 334 1295 exponit
385 1245 526 1295 Reguli
574 1245 772 1293 mandata,
821 1245 933 1283 addit
982 1259 1116 1296 preces
1165 1259 1263 1293 suas,
1312 1252 1358 1284 ut

113 1317 151 1347 lO
170 1310 333 1348 decebat
362 1310 555 1359 optimum
576 1310 704 1348 virum
725 1323 796 1359 pro
817 1310 1091 1357 dissimillimo,
1113 1323 1238 1359 parce.
1295 1311 1357 1348 cui

170 1388 240 1425 ego
263 1379 271 1395 ‘
287 1374 468 1424 dispicies
488 1374 571 1425 ipse
591 1374 687 1424 quid
711 1375 1019 1412 renuntiandum
1045 1375 1196 1425 Regulo
1217 1380 1330 1425 putes
1350 1392 1361 1413 ;

169 1446 208 1478 te
242 1439 369 1489 decipi
404 1453 426 1477 a
462 1453 523 1477 me
562 1452 641 1477 non
675 1444 840 1489 oportet.
910 1444 1074 1489 expecto
1112 1439 1356 1477 Mauricum⁷

171 1504 364 1553 (nondum
393 1504 442 1542 ab
472 1504 590 1542 exilio
619 1504 825 1554 venerat):
862 1503 971 1541 ‘ideo
999 1503 1099 1541 nihil
1128 1503 1356 1542 alterutram

168 1570 210 1607 in
230 1574 383 1619 partem
404 1568 640 1618 respondere
669 1568 744 1606 tibi
772 1581 941 1618 possum,
963 1568 1135 1605 facturus
1163 1567 1356 1618 quidquid

169 1634 235 1672 ille
255 1633 473 1671 decreverit
490 1648 500 1680 3
528 1632 640 1670 illum
661 1633 765 1670 enim
786 1646 867 1670 esse
891 1632 1007 1670 huius
1034 1632 1185 1670 consilii
1205 1631 1358 1679 ducem,

112 1702 147 1732 11
169 1713 231 1736 me
260 1698 441 1736 comitem
475 1697 610 1736 decet.’
676 1711 819 1748 paucos
852 1702 942 1747 post
974 1697 1056 1734 dies
1085 1697 1167 1747 ipse
1195 1709 1257 1734 me
1285 1696 1357 1734 Re-

169 1763 284 1814 gulus
316 1762 500 1800 convenit
528 1762 569 1799 in
599 1762 789 1812 praetoris
819 1761 970 1799 officio:
1008 1761 1100 1799 illuc
1131 1766 1361 1811 persecutus

170 1835 363 1867 secretum
389 1827 512 1877 petit:
543 1826 598 1864 ait
625 1827 763 1864 timere
790 1839 830 1864 se
855 1839 904 1864 ne
931 1825 1061 1863 animo
1088 1838 1174 1863 meo
1199 1825 1361 1875 penitus>

170 1893 348 1931 haereret
394 1890 499 1941 quod
546 1891 588 1928 in
635 1890 908 1928 centumvirali
953 1889 1098 1927 iudicio
1145 1888 1361 1940 aliquando

171 1957 345 2002 dixisset,
396 1969 483 1993 cum
531 1954 786 2005 responderet
831 1954 929 1992 mihi
976 1959 1015 1992 et
1062 1953 1191 1991 Satrio
1238 1953 1354 1999 Rufo,

174 2028 182 2044 ‘
198 2022 349 2062 Satrius
371 2021 511 2067 Rufus,
534 2020 595 2058 cui
615 2033 695 2058 non
718 2024 778 2057 est
804 2032 892 2057 cum
919 2018 1104 2057 Cicerone
1132 2017 1357 2064 aemulatio,

113 2096 153 2126 12
173 2094 212 2127 et
243 2086 310 2137 qui
343 2090 551 2123 contentus
580 2090 640 2122 est
668 2083 893 2134 eloquentia
921 2083 1063 2121 saeculi
1097 2081 1246 2120 nostri.'
1301 2095 1357 2119 re-
