1492 2469
172 227 220 262 22
668 224 704 257 C.
728 225 859 256 PLINI

170 329 346 379 pauculis
385 329 516 381 annis)
555 329 858 368 familiarissime
899 329 1041 380 diligit,
1080 335 1281 369 reveretur
1316 334 1362 368 ut

168 407 311 432 senem.
384 408 476 432 nam
509 396 565 432 ita
596 395 756 433 formari
784 409 806 433 a
834 408 896 433 me
925 400 965 433 et
994 395 1151 433 institui
1180 395 1288 445 cupit
1315 399 1361 433 ut

131 464 239 509 4ego
277 473 300 497 a
334 459 444 497 vobis
481 459 664 498 solebam.
734 460 861 510 patria
894 468 951 498 est
986 461 1019 497 ei
1054 460 1190 498 Brixia
1218 473 1267 498 ex
1294 459 1363 498 illa

168 528 304 562 nostra
333 524 461 570 Italia,
494 537 593 574 quae
628 524 798 561 multum
832 524 959 562 adhuc
988 524 1256 571 verecundiae,
1286 523 1361 561 fru-

168 587 344 638 galitatis
373 594 492 638 atque
524 589 642 626 etiam
672 588 903 626 rusticitatis
933 588 1118 638 antiquae
1146 588 1291 626 retinet
1319 600 1361 625 ac

130 658 309 694 5servat.
377 658 490 703 pater
522 653 707 691 Minicius
741 653 953 699 Macrinus,
988 652 1181 702 equestris
1213 651 1363 691 ordinis

168 717 360 767 princeps,
398 718 490 767 quia
522 717 623 755 nihil
656 718 774 756 altius
807 717 956 756 voluit:
995 717 1170 755 adlectus
1202 716 1307 755 enim
1340 730 1362 755 a

169 781 262 819 divo
291 782 536 832 Vespasiano
568 783 674 821 inter
705 783 922 833 praetorios
950 782 1156 820 honestam
1189 782 1362 832 quietem

169 846 260 884 huic
295 852 452 885 nostrae
486 847 691 886 ambitioni
725 848 851 885 dicam
885 860 934 885 an
968 846 1155 897 dignitati
1187 851 1363 884 constan-

132 920 152 951 6
170 911 319 949 tissime
348 911 547 962 praetulit.
620 911 741 950 habet
761 912 889 949 aviam
909 916 1126 949 maternam
1156 910 1361 949 Serranam

170 976 379 1014 Proculam
405 990 425 1014 e
455 976 670 1026 municipio
699 976 903 1014 Patavino.
975 976 1078 1013 nosti
1107 974 1183 1013 loci
1209 987 1362 1013 mores:

169 1041 338 1080 Serrana
376 1047 510 1079 tamen
548 1041 753 1079 Patavinis
787 1054 943 1091 quoque
977 1041 1198 1078 severitatis
1237 1052 1363 1078 exem-

168 1105 278 1155 plum
325 1111 395 1144 est.
472 1106 640 1156 contigit
684 1111 723 1144 et
769 1105 985 1143 avunculus
1032 1105 1066 1143 ei
1113 1104 1156 1142 P.
1197 1103 1360 1151 Acilius,

168 1171 363 1221 gravitate
391 1170 603 1220 prudentia
622 1169 698 1208 fide
723 1183 843 1220 prope
870 1169 1070 1220 singulari.
1128 1169 1168 1206 in
1198 1182 1360 1215 summa,

170 1235 270 1272 nihil
291 1235 367 1272 erit
386 1234 427 1272 in
449 1234 566 1272 domo
587 1240 672 1272 tota
693 1234 798 1284 quod
818 1247 899 1272 non
919 1233 992 1270 tibi
1012 1238 1215 1283 tamquam
1234 1232 1274 1270 in
1295 1237 1364 1270 tua

132 1305 150 1338 7
170 1299 330 1350 placeat.
390 1299 571 1337 Aciliano
601 1312 693 1337 vero
723 1299 795 1349 ipsi
819 1298 1035 1348 plurimum
1063 1297 1209 1348 vigoris
1232 1295 1364 1334 indus-

172 1365 280 1411 triae,
300 1377 535 1414 quamquam
554 1364 595 1401 in
615 1364 788 1401 maxima
807 1362 1052 1401 verecundia.
1111 1367 1363 1412 quaesturam

168 1429 421 1467 tribunatum
459 1434 688 1478 praeturam
727 1427 1002 1466 honestissime
1040 1426 1283 1477 percucurrit
1319 1439 1362 1464 ac

131 1505 150 1536 8
170 1494 249 1532 iam
278 1507 349 1544 pro
376 1507 414 1531 se
441 1494 515 1531 tibi
545 1493 818 1531 necessitatem
847 1492 1045 1530 ambiendi
1075 1491 1236 1530 remisit.
1304 1496 1364 1529 est

169 1559 227 1596 illi
265 1559 383 1596 facies
430 1558 614 1604 liberalis,
653 1557 780 1595 multo
819 1557 1018 1607 sanguine,
1057 1556 1183 1593 multo
1220 1555 1363 1594 rubore

169 1624 326 1670 suffusa,
368 1628 427 1661 est
464 1623 635 1674 ingenua
668 1622 791 1660 totius
830 1621 1000 1671 corporis
1038 1619 1290 1670 pulchritudo
1323 1625 1363 1658 et

169 1688 328 1738 quidam
377 1689 595 1726 senatorius
644 1687 769 1725 decor.
846 1699 947 1736 quae
995 1698 1065 1736 ego
1113 1697 1362 1734 nequaquam

168 1753 338 1791 arbitror
370 1751 638 1803 neglegenda:
672 1751 790 1789 debet
819 1751 924 1788 enim
953 1749 1025 1788 hoc
1055 1749 1228 1787 castitati
1256 1748 1362 1799 puel-

130 1833 150 1863 9
167 1817 293 1855 larum
320 1817 431 1867 quasi
461 1816 678 1867 praemium
706 1816 801 1854 dari.
860 1815 992 1853 nescio
1023 1827 1072 1852 an
1093 1813 1259 1851 adiciam
1279 1825 1362 1851 esse

167 1881 272 1932 patri
291 1881 374 1919 eius
401 1883 549 1931 amplas
575 1880 798 1918 facultates.
854 1893 945 1917 nam
966 1892 1053 1916 cum
1079 1878 1274 1928 imaginor
1292 1890 1362 1915 vos

168 1945 311 1995 quibus
341 1945 564 1995 quaerimus
593 1957 791 1995 generum,
815 1943 1011 1981 silendum
1035 1942 1084 1980 de
1107 1941 1362 1979 facultatibus

168 2015 264 2060 puto
284 2026 290 2048 z
320 2023 409 2047 cum
429 2009 605 2060 publicos
625 2022 753 2046 mores
773 2013 890 2058 atque
917 2007 1035 2045 etiam
1058 2006 1164 2056 leges
1187 2005 1362 2044 civitatis

167 2075 334 2121 intueor,
371 2087 470 2124 quae
503 2074 566 2112 vel
599 2073 641 2111 in
674 2073 811 2123 primis
844 2085 982 2110 census
1016 2071 1221 2109 hominum
1259 2083 1362 2121 spec-
