1492 2469
218 227 239 262 2
712 226 749 259 C.
771 227 903 259 PLINI

215 343 330 380 quem
361 330 558 381 prioribus
585 332 764 381 epistulis
784 332 1041 382 promiseram
1062 333 1241 373 exhibeo.
1300 335 1404 373 hunc

215 405 308 442 rogo
342 406 391 430 ex
426 393 710 431 consuetudine
744 398 813 431 tua
847 399 887 431 et
920 394 1026 445 legas
1060 401 1100 433 et
1133 396 1328 442 emendes,
1359 410 1405 435 eo

215 456 347 507 magis,
366 456 471 506 quod
490 457 587 494 nihil
610 462 700 495 ante
721 471 913 508 peraeque
934 458 1072 496 eodem
1093 459 1184 498 stilo
1205 460 1404 512 scripsisse

175 526 196 556 ‘2
216 520 357 559 videor.
417 521 608 571 temptavi
638 522 741 559 enim
770 522 916 559 imitari
937 522 1231 562 Demosthenen
1252 538 1406 575 semper

213 591 337 629 tuum,
368 585 534 623 Calvum
572 599 698 635 nuper
735 600 877 631 meum,
906 587 1115 625 dumtaxat
1152 589 1286 639 figuris
1324 603 1405 628 ora-

213 650 354 688 tionis:
402 664 493 688 nam
534 651 612 688 vim
660 656 861 689 tantorum
899 652 1074 690 virorum
1115 655 1268 703 “pauci
1306 667 1404 704 quos

175 722 194 753 3
213 729 359 765 aequus
388 716 536 753 amavit
551 716 568 731 ’'
600 715 760 766 adsequi
791 722 968 766 possunt.
1027 730 1097 755 nec
1127 718 1292 757 materia
1320 719 1405 769 ipsa

211 780 312 828 huic,
326 793 465 818 vereor
480 793 529 818 ne
545 780 710 830 inprobe
724 780 863 826 dicam,
880 781 1136 820 aemulationi
1149 783 1403 833 repugnavit:

212 849 295 882 erat
316 844 419 882 enim
440 858 560 894 prope
581 849 666 882 tota
686 844 726 882 in
747 846 999 883 contentione
1020 846 1190 892 dicendi,
1213 847 1319 897 quod
1339 861 1403 885 me

211 909 350 959 longae
384 907 556 946 desidiae
590 908 896 946 indormientem
931 909 1131 955 excitavit,
1163 911 1194 948 si
1224 910 1342 949 modo
1370 911 1403 948 is

174 979 295 1011 4sum
329 985 399 1023 ego
433 972 499 1022 qui
533 972 697 1010 excitari
735 972 889 1021 possim.
964 986 1042 1011 11011
1074 979 1205 1011 tamen
1240 974 1402 1012 omnino

210 1037 334 1076 Marci
381 1037 505 1075 nostri
555 1036 743 1086 ληκύθους
789 1036 970 1087 fugimus,
1012 1038 1193 1087 quotiens
1240 1038 1401 1088 paulum

209 1102 350 1140 itinere
397 1101 582 1139 decedere
629 1114 709 1139 non
756 1101 1046 1150 intempestivis
1095 1102 1401 1141 amoenitatibus

209 1165 542 1204 admonebamur:
592 1178 697 1202 acres
737 1165 842 1203 enim
881 1178 973 1211 esse,
1014 1179 1094 1203 non
1129 1166 1262 1204 tristes
1300 1166 1401 1204 vole-

173 1241 192 1272 5
209 1232 356 1269 bamus.
425 1243 495 1267 nec
525 1234 585 1267 est
613 1229 718 1279 quod
747 1234 862 1279 putes
888 1243 949 1267 me
975 1230 1047 1267 sub
1073 1230 1144 1268 hac
1171 1231 1401 1281 exceptione

208 1296 363 1334 veniam
392 1294 601 1345 postulare.
659 1307 750 1331 nam
779 1307 857 1344 quo
883 1294 1007 1344 magis
1033 1295 1237 1349 intendam
1266 1295 1401 1334 limam

208 1366 328 1408 tuam,
364 1359 580 1398 confitebor
613 1365 653 1396 et
685 1359 816 1409 ipsum
849 1373 911 1397 me
945 1364 985 1397 et
1019 1359 1318 1398 contubernales
1351 1361 1400 1398 ab

209 1425 381 1464 editione
415 1437 493 1462 non
529 1423 750 1469 abhorrere,
782 1423 814 1461 si
847 1423 965 1461 modo
1001 1428 1045 1461 tu
1078 1424 1243 1462 fortasse
1277 1425 1399 1463 errori

171 1496 343 1529 6nostro
382 1489 514 1527 album
543 1488 734 1526 calculum
771 1488 969 1526 adieceris.
1044 1494 1102 1526 est
1140 1489 1245 1526 enim
1282 1489 1399 1539 plane

208 1554 358 1605 aliquid
382 1553 591 1598 edendum,
614 1558 732 1602 atque
755 1552 909 1589 utinam
930 1552 1002 1590 1100
1023 1552 1272 1602 potissimum
1292 1553 1394 1603 quod

208 1624 389 1670 paratum
406 1621 481 1656 est!
515 1617 642 1668 (audis
663 1617 834 1654 desidiae
856 1619 1032 1667 votuml)
1049 1616 1245 1655 edendum
1261 1623 1395 1656 autem

208 1699 257 1723 ex
276 1683 453 1735 pluribus
474 1682 610 1729 causis,
628 1682 796 1720 maxime
814 1681 919 1731 quod
940 1681 1063 1719 libelli
1079 1695 1176 1731 quos
1196 1682 1398 1721 emisimus

207 1750 394 1788 dicuntur
431 1747 471 1785 in
510 1746 690 1784 manibus
738 1759 831 1792 esse,
879 1746 1058 1796 quamvis
1105 1746 1183 1783 iam
1228 1747 1398 1797 gratiam

206 1813 394 1851 novitatis
414 1810 597 1848 exuerint
613 1825 623 1858 3
652 1810 728 1847 nisi
749 1815 881 1848 tamen
903 1810 1062 1848 auribus
1089 1810 1234 1848 nostris
1260 1810 1398 1849 biblio-

207 1878 318 1929 polae
346 1875 615 1914 blandiuntur.
688 1874 756 1912 sed
786 1887 879 1912 sane
909 1873 1175 1920 blandiantur,
1206 1874 1301 1912 dum
1326 1888 1398 1925 per

206 1942 278 1979 1100
316 1939 564 1978 mendacium
603 1938 716 1976 nobis
754 1937 886 1976 studia
932 1943 1067 1976 nostra
1106 1938 1392 1977 commendent.

206 2005 301 2044 vale.
