1492 2469
237 674 282 717 C.
314 675 479 716 PLINI
510 673 747 716 CAECILI
781 671 1046 715 SECUNDI

317 781 957 846 EPISTULARUM

436 909 595 947 LIBER
624 908 845 947 PRIMUS.

623 1046 652 1083 I.

335 1132 368 1162 C.
388 1132 559 1161 PLINIUS
585 1132 773 1161 SEPTICIO
799 1131 879 1161 SUO
905 1131 936 1160 S.

571 1199 711 1235 Prescccc.

100 1272 345 1322 Frequenter
372 1272 553 1310 hortatus
584 1285 623 1309 es
650 1278 695 1309 ut
722 1271 922 1322 epistulas,
945 1272 977 1309 si
1004 1286 1100 1323 quas
1121 1273 1237 1323 paulo
1258 1287 1271 1315 l

47 1336 220 1374 curatius
249 1337 502 1386 scripsissem,
530 1336 751 1387 colligerem
778 1336 1106 1387 publicaremque.
1166 1339 1239 1376 col-

46 1401 124 1452 legi
153 1414 232 1439 non
261 1406 417 1439 servato
451 1401 639 1451 temporis
674 1400 810 1438 ordine
846 1402 990 1451 (neque
1025 1402 1129 1440 enim
1162 1403 1238 1441 his-

47 1465 189 1503 toriam
236 1465 533 1516 componebam),
582 1465 650 1503 sed
698 1473 741 1502 ut
787 1478 964 1515 quaeque
1011 1467 1051 1503 in
1098 1480 1237 1506 manus

48 1535 219 1568 venerat.
278 1535 455 1580 superest
474 1536 519 1568 ut
538 1543 609 1568 nec
629 1535 668 1568 te
689 1530 841 1568 consilii
861 1543 931 1568 nec
954 1544 1015 1569 me
1035 1532 1235 1581 paeniteat
1255 1544 1276 1573 2

47 1595 235 1645 obsequii.
293 1595 350 1632 ita
370 1595 474 1633 enim
494 1595 562 1633 fiet
590 1601 635 1632 ut
662 1608 726 1632 eas
754 1607 853 1644 quae
880 1594 1007 1633 adhuc
1036 1596 1235 1646 neglectae

48 1659 177 1697 iacent
196 1659 402 1709 requiram,
426 1664 466 1698 et
485 1659 517 1697 si
538 1672 633 1710 quas
654 1658 852 1705 addidero,
875 1673 955 1697 non
982 1661 1231 1711 supprimam.

47 1723 143 1762 vale.

617 1827 671 1865 Π,

341 1913 374 1942 c.
395 1913 565 1942 PLINIUS
591 1913 782 1943 ARRIANO
807 1914 888 1945 SUO
914 1916 945 1945 s.

87 1981 187 2017 Pliny
206 1981 296 2011 sends
316 1990 337 2010 a
356 1981 459 2017 speech
480 1984 508 2009 to
528 1982 697 2010 Arrianus
711 1981 769 2017 for
787 1985 965 2020 correction,
983 1986 1171 2024 emplaimuvq
1187 1989 1237 2018 Izio·

49 2031 125 2066 style
139 2029 175 2065 of
184 2030 395 2066 composition,
412 2030 479 2059 and
493 2031 603 2066 telliny
616 2031 682 2060 him
696 2031 778 2061 what
792 2041 859 2062 men
875 2034 910 2063 he
924 2034 980 2063 has
994 2036 1146 2066 imitated.

103 2100 205 2148 Quia
232 2101 445 2140 tardiorem
474 2101 688 2140 adventum
718 2109 831 2141 tuum
860 2106 1064 2156 prospicio,
1092 2107 1235 2147 librum
1260 2123 1269 2152 1

167 2164 206 2200 5
627 2169 650 2192 A

142 2298 167 2339 li
