1492 2469
406 260 745 292 EPIs'l‘FLARUM
774 260 821 291 Π.
850 268 964 291 11.-111.
1227 261 1273 298 41

85 379 129 403 ac
146 379 268 416 paene
289 366 436 416 pariter
452 366 498 404 ad
515 379 685 411 manum,
704 378 839 403 sensus
855 363 1046 402 reconditi
1062 368 1278 411 occursant,

87 431 216 476 verba,
239 430 306 468 sed
333 430 484 480 qualia!
515 430 692 480 quaesita
720 435 759 467 et
788 428 953 467 exculta.
1012 428 1138 466 multa
1162 428 1279 466 lectio

87 495 128 531 in
159 495 310 542 subitis,
340 495 465 533 multa
494 495 655 545 scriptio
685 494 821 532 elucet.
881 493 1147 544 prooemiatur
1175 498 1277 543 apte,
1296 493 1317 522 3

88 564 222 598 narrat
251 567 396 611 aperte,
424 565 576 610 pugnat
604 559 756 606 acriter,
789 558 938 609 colligit
966 558 1132 605 fortiter,
1164 563 1281 596 ornat

84 624 246 673 excelse,
263 630 461 675 postremo
477 624 602 671 docet,
618 623 797 671 delectat,
813 623 945 661 adficit
954 637 964 670 3
983 622 1080 673 quid
1095 622 1278 670 maxime,

84 688 267 737 dubites3
296 689 431 727 crebra
452 689 702 738 ἐνθυμήματα,
725 688 850 726 crebri
870 688 1099 739 syllogismi,
1121 687 1278 726 circum-

86 754 221 803 scripti
242 758 281 792 et
301 753 439 800 effecti,
462 753 565 803 quod
596 753 686 791 stilo
716 766 872 803 quoque
902 752 1063 803 adsequi
1092 765 1279 803 magnum

85 824 168 855 est:
198 818 439 856 incredibilis
468 819 680 865 memoria,
714 818 858 867 repetit
891 817 1009 855 altius
1043 830 1142 867 quae
1176 817 1280 855 dixit

83 896 135 920 ex
165 888 352 933 tempore,
388 896 437 920 ne
468 883 586 920 verbo
625 881 785 932 quidem
817 882 972 920 labitur.
1046 882 1095 920 ad
1125 886 1277 920 tantam
1297 888 1317 917 4

86 947 162 997 ἕξιν
182 947 314 985 studio
344 952 384 985 et
412 947 692 985 exercitatione
722 947 925 997 pervenit:
954 960 1045 985 nam
1075 947 1214 985 diebus
1240 955 1278 985 ct

85 1012 266 1050 noctibus
294 1011 394 1050 nihil
423 1011 529 1049 aliud
559 1012 649 1062 agit,
681 1011 781 1049 nihil
810 1011 932 1057 audit,
963 1011 1062 1049 nihil
1090 1011 1277 1062 loquitur.

83 1090 229 1114 annum
264 1076 551 1127 sexagesimum
585 1076 753 1115 excessit
787 1082 826 1113 et
859 1075 986 1114 adhuc
1025 1076 1319 1114 scholasticus-5

86 1146 240 1179 tantum
261 1147 320 1179 est
335 1156 344 1188 3
373 1154 450 1192 quo
469 1154 611 1192 genere
638 1141 844 1179 hominum
865 1140 965 1178 nihil
994 1146 1062 1179 aut
1091 1142 1280 1180 sincerius

83 1211 152 1243 aut
185 1206 399 1256 simplicius
438 1211 507 1244 aut
543 1205 693 1244 melius.
770 1218 841 1243 nos
877 1205 982 1243 enim
1016 1205 1084 1256 qui
1117 1206 1158 1243 in
1195 1206 1280 1244 foro

84 1270 265 1321 verisque
303 1270 440 1309 litibus
478 1271 643 1309 terimur
676 1270 846 1308 multum
879 1270 1063 1317 malitiae,
1099 1271 1279 1321 quamvis

83 1334 264 1382 nolimus,
295 1335 544 1374 addiscimus.
614 1334 746 1373 schola
777 1340 817 1372 et
850 1334 1089 1372 auditorium
1121 1340 1161 1373 et
1190 1337 1317 1373 fictass

81 1413 209 1446 causa,
224 1413 285 1438 res
304 1399 464 1438 inermis
484 1400 646 1438 innoxia
666 1405 736 1446 est,
754 1413 824 1438 nec
843 1400 974 1437 minus
994 1400 1099 1448 felix,
1121 1401 1279 1438 senibus

85 1463 325 1514 praesertim.
396 1477 488 1502 nam
527 1464 623 1514 quid
661 1464 701 1501 in
741 1469 940 1502 senectute
977 1464 1127 1503 felicius
1160 1479 1279 1515 quam

80 1528 190 1579 quod
211 1528 483 1567 dulcissimum
505 1533 564 1567 est
583 1529 625 1566 in
645 1530 835 1567 iuventa?
893 1542 1012 1578 quare
1032 1542 1103 1580 ego
1123 1529 1278 1568 Isaeum
1297 1533 1316 1567 7

83 1607 162 1631 non
189 1593 491 1632 disertissimum
520 1598 675 1631 tantum
696 1607 833 1631 verum
863 1593 983 1632 etiam
1009 1594 1278 1633 beatissimum

81 1657 222 1705 iudico,
256 1671 373 1708 quem
406 1662 450 1696 tu
481 1658 557 1695 nisi
592 1671 823 1709 cognoscere
855 1659 1106 1709 concupiscis,
1138 1673 1279 1699 saxeus

81 1723 309 1773 ferreusque
338 1736 388 1761 es.
446 1723 610 1774 proinde
641 1724 671 1760 si
701 1736 780 1761 non
810 1723 859 1761 ob
889 1723 965 1761 alia
993 1737 1141 1774 nosque
1160 1725 1276 1775 ipsos,
1296 1734 1316 1765 8

80 1793 124 1826 at
156 1793 260 1826 certe
289 1793 335 1825 ut
364 1788 468 1826 hunc
497 1788 644 1833 audias,
676 1788 777 1826 veni.
849 1801 1115 1838 numquamne
1148 1789 1279 1840 legisti

83 1852 326 1891 Gaditanum
346 1852 544 1903 quendam
565 1852 646 1890 Titi
666 1852 755 1890 Livi
781 1853 939 1891 nomine
958 1853 1159 1904 gloriaque
1179 1868 1279 1893 com-

82 1923 235 1955 motum
268 1917 318 1955 ad
349 1917 556 1955 visendum
587 1931 677 1955 eum
708 1917 756 1955 ab
785 1917 927 1956 ultimo
956 1922 1150 1956 terrarum
1184 1920 1279 1958 orbe

84 1981 236 2020 venisse
267 1981 479 2031 statimque
516 1985 562 2019 ut
600 1980 754 2019 viderat
787 1981 944 2020 abisse?
1018 1982 1276 2031 ἀφιλόκαλον,

83 2045 358 2093 inlitteratum,
397 2046 513 2094 iners,
553 2060 595 2084 ac
633 2058 757 2096 paene
796 2045 915 2084 etiam
952 2051 1068 2097 turpe
1102 2052 1162 2085 est
1199 2061 1278 2086 non

85 2115 222 2161 putare
256 2111 357 2148 tanti
391 2110 666 2162 cognitionem,
703 2123 781 2160 qua
817 2110 927 2149 nulla
964 2117 1022 2149 est
1055 2111 1276 2161 iucundior,
