<?xml version="1.0" encoding="UTF-8"?>
<!DOCTYPE html PUBLIC "-//W3C//DTD XHTML 1.0 Transitional//EN"
    "http://www.w3.org/TR/xhtml1/DTD/xhtml1-transitional.dtd">
<html xmlns="http://www.w3.org/1999/xhtml" xml:lang="en" lang="en">
 <head>
  <title>
</title>
<meta http-equiv="Content-Type" content="text/html;charset=utf-8" />
  <meta name='ocr-system' content='tesseract 3.04.00' />
  <meta name='ocr-capabilities' content='ocr_page ocr_carea ocr_par ocr_line ocrx_word'/>
</head>
<body>
  <div class='ocr_page' id='page_1' title='image "./epistularumlibri00plinuoft_0061.png"; bbox 0 0 1492 2469; ppageno 0'>
   <div class='ocr_carea' id='block_1_1' title="bbox 362 255 1259 295">
    <p class='ocr_par' dir='ltr' id='par_1_1' title="bbox 362 255 1259 295">
     <span class='ocr_line' id='line_1_1' title="bbox 362 255 1259 295; baseline 0 -9"><span class='ocrx_word' id='word_1_1' title='bbox 362 255 705 288; x_wconf 83' lang='lat' dir='ltr'><strong>EPISTULARUM</strong></span> <span class='ocrx_word' id='word_1_2' title='bbox 731 255 758 287; x_wconf 94' lang='lat' dir='ltr'>I.</span> <span class='ocrx_word' id='word_1_3' title='bbox 786 264 881 287; x_wconf 88' lang='lat' dir='ltr'>x1111.</span> <span class='ocrx_word' id='word_1_4' title='bbox 890 264 962 287; x_wconf 81' lang='lat' dir='ltr'>-xv.</span> <span class='ocrx_word' id='word_1_5' title='bbox 1210 258 1259 295; x_wconf 83' lang='lat'>23</span> 
     </span>
    </p>
   </div>
   <div class='ocr_carea' id='block_1_2' title="bbox 64 358 1318 927">
    <p class='ocr_par' dir='ltr' id='par_1_2' title="bbox 64 358 1318 927">
     <span class='ocr_line' id='line_1_2' title="bbox 69 358 1259 410; baseline -0.001 -11"><span class='ocrx_word' id='word_1_6' title='bbox 69 360 210 399; x_wconf 90' lang='lat' dir='ltr'>tandos</span> <span class='ocrx_word' id='word_1_7' title='bbox 257 360 508 406; x_wconf 76' lang='lat' dir='ltr'><strong>arbitrantur,</strong></span> <span class='ocrx_word' id='word_1_8' title='bbox 548 373 597 397; x_wconf 90' lang='lat' dir='ltr'>ne</span> <span class='ocrx_word' id='word_1_9' title='bbox 635 359 676 397; x_wconf 83' lang='lat' dir='ltr'>id</span> <span class='ocrx_word' id='word_1_10' title='bbox 723 358 880 410; x_wconf 86' lang='lat' dir='ltr'>quidem</span> <span class='ocrx_word' id='word_1_11' title='bbox 929 359 1259 410; x_wconf 88' lang='lat' dir='ltr'>praetereundum</span> 
     </span>
     <span class='ocr_line' id='line_1_3' title="bbox 70 423 1260 475; baseline 0.001 -13"><span class='ocrx_word' id='word_1_12' title='bbox 70 424 237 462; x_wconf 81' lang='lat' dir='ltr'>videtur.</span> <span class='ocrx_word' id='word_1_13' title='bbox 310 430 349 462; x_wconf 89' lang='lat' dir='ltr'>et</span> <span class='ocrx_word' id='word_1_14' title='bbox 383 437 475 462; x_wconf 86' lang='lat' dir='ltr'>sane</span> <span class='ocrx_word' id='word_1_15' title='bbox 509 423 557 462; x_wconf 90' lang='lat' dir='ltr'>de</span> <span class='ocrx_word' id='word_1_16' title='bbox 590 424 758 474; x_wconf 82' lang='lat' dir='ltr'>posteris</span> <span class='ocrx_word' id='word_1_17' title='bbox 792 429 832 462; x_wconf 93' lang='lat' dir='ltr'>et</span> <span class='ocrx_word' id='word_1_18' title='bbox 860 424 920 462; x_wconf 92' lang='lat' dir='ltr'>his</span> <span class='ocrx_word' id='word_1_19' title='bbox 953 424 1132 474; x_wconf 85' lang='lat' dir='ltr'>pluribus</span> <span class='ocrx_word' id='word_1_20' title='bbox 1161 425 1260 475; x_wconf 84' lang='lat' dir='ltr'>cogi-</span> 
     </span>
     <span class='ocr_line' id='line_1_4' title="bbox 69 488 1258 540; baseline 0.001 -13"><span class='ocrx_word' id='word_1_21' title='bbox 69 490 169 527; x_wconf 87' lang='lat' dir='ltr'>tanti</span> <span class='ocrx_word' id='word_1_22' title='bbox 189 489 251 527; x_wconf 90' lang='lat' dir='ltr'>hic</span> <span class='ocrx_word' id='word_1_23' title='bbox 271 502 426 539; x_wconf 88' lang='lat' dir='ltr'>quoque</span> <span class='ocrx_word' id='word_1_24' title='bbox 446 489 486 527; x_wconf 93' lang='lat' dir='ltr'>in</span> <span class='ocrx_word' id='word_1_25' title='bbox 507 488 798 527; x_wconf 88' lang='lat' dir='ltr'>conditionibus</span> <span class='ocrx_word' id='word_1_26' title='bbox 814 488 1032 540; x_wconf 82' lang='lat' dir='ltr'>deligendis</span> <span class='ocrx_word' id='word_1_27' title='bbox 1052 490 1258 540; x_wconf 90' lang='lat' dir='ltr'>ponendus</span> 
     </span>
     <span class='ocr_line' id='line_1_5' title="bbox 67 553 1318 604; baseline 0 -12"><span class='ocrx_word' id='word_1_28' title='bbox 67 560 126 592; x_wconf 84' lang='lat' dir='ltr'>est</span> <span class='ocrx_word' id='word_1_29' title='bbox 146 553 324 592; x_wconf 84' lang='lat' dir='ltr'>calculus.</span> <span class='ocrx_word' id='word_1_30' title='bbox 398 559 441 592; x_wconf 88' lang='lat' dir='ltr'>tu</span> <span class='ocrx_word' id='word_1_31' title='bbox 467 554 632 592; x_wconf 85' lang='lat' dir='ltr'>fortasse</span> <span class='ocrx_word' id='word_1_32' title='bbox 660 567 722 591; x_wconf 90' lang='lat' dir='ltr'>me</span> <span class='ocrx_word' id='word_1_33' title='bbox 751 558 866 604; x_wconf 84' lang='lat' dir='ltr'>putes</span> <span class='ocrx_word' id='word_1_34' title='bbox 894 553 1105 592; x_wconf 81' lang='lat' dir='ltr'>indulsisse</span> <span class='ocrx_word' id='word_1_35' title='bbox 1135 555 1257 592; x_wconf 88' lang='lat' dir='ltr'>amori</span> <span class='ocrx_word' id='word_1_36' title='bbox 1279 562 1318 592; x_wconf 85' lang='lat'>10</span> 
     </span>
     <span class='ocr_line' id='line_1_6' title="bbox 66 617 1258 669; baseline 0.001 -13"><span class='ocrx_word' id='word_1_37' title='bbox 66 632 152 657; x_wconf 87' lang='lat' dir='ltr'>meo</span> <span class='ocrx_word' id='word_1_38' title='bbox 182 632 377 669; x_wconf 82' lang='lat' dir='ltr'>supraque</span> <span class='ocrx_word' id='word_1_39' title='bbox 406 619 482 656; x_wconf 89' lang='lat' dir='ltr'>ista</span> <span class='ocrx_word' id='word_1_40' title='bbox 510 632 628 668; x_wconf 84' lang='lat' dir='ltr'>quam</span> <span class='ocrx_word' id='word_1_41' title='bbox 657 631 718 656; x_wconf 89' lang='lat' dir='ltr'>res</span> <span class='ocrx_word' id='word_1_42' title='bbox 747 617 898 668; x_wconf 84' lang='lat' dir='ltr'>patitur</span> <span class='ocrx_word' id='word_1_43' title='bbox 931 618 1146 657; x_wconf 77' lang='lat' dir='ltr'>sustulisse.</span> <span class='ocrx_word' id='word_1_44' title='bbox 1217 625 1258 657; x_wconf 90' lang='lat' dir='ltr'>at</span> 
     </span>
     <span class='ocr_line' id='line_1_7' title="bbox 66 682 1257 734; baseline -0.001 -12"><span class='ocrx_word' id='word_1_45' title='bbox 66 697 137 734; x_wconf 80' lang='lat' dir='ltr'>ego</span> <span class='ocrx_word' id='word_1_46' title='bbox 175 683 252 722; x_wconf 90' lang='lat' dir='ltr'>fide</span> <span class='ocrx_word' id='word_1_47' title='bbox 299 697 385 721; x_wconf 88' lang='lat' dir='ltr'>mea</span> <span class='ocrx_word' id='word_1_48' title='bbox 431 682 605 733; x_wconf 88' lang='lat' dir='ltr'>spondeo</span> <span class='ocrx_word' id='word_1_49' title='bbox 653 682 831 720; x_wconf 89' lang='lat' dir='ltr'>futurum</span> <span class='ocrx_word' id='word_1_50' title='bbox 871 687 917 720; x_wconf 92' lang='lat' dir='ltr'>ut</span> <span class='ocrx_word' id='word_1_51' title='bbox 964 682 1096 721; x_wconf 88' lang='lat' dir='ltr'>omnia</span> <span class='ocrx_word' id='word_1_52' title='bbox 1142 682 1257 734; x_wconf 82' lang='lat' dir='ltr'>longe</span> 
     </span>
     <span class='ocr_line' id='line_1_8' title="bbox 66 746 1257 799; baseline -0.001 -12"><span class='ocrx_word' id='word_1_53' title='bbox 66 748 255 799; x_wconf 85' lang='lat' dir='ltr'>ampliora</span> <span class='ocrx_word' id='word_1_54' title='bbox 283 762 401 798; x_wconf 84' lang='lat' dir='ltr'>quam</span> <span class='ocrx_word' id='word_1_55' title='bbox 429 761 452 786; x_wconf 88' lang='lat' dir='ltr'>a</span> <span class='ocrx_word' id='word_1_56' title='bbox 481 761 543 785; x_wconf 90' lang='lat' dir='ltr'>me</span> <span class='ocrx_word' id='word_1_57' title='bbox 571 747 850 797; x_wconf 78' lang='lat' dir='ltr'>praedicantur</span> <span class='ocrx_word' id='word_1_58' title='bbox 878 747 1066 786; x_wconf 81' lang='lat' dir='ltr'>invenias.</span> <span class='ocrx_word' id='word_1_59' title='bbox 1135 746 1257 798; x_wconf 84' lang='lat' dir='ltr'>diligo</span> 
     </span>
     <span class='ocr_line' id='line_1_9' title="bbox 65 811 1257 863; baseline 0.001 -14"><span class='ocrx_word' id='word_1_60' title='bbox 65 812 224 863; x_wconf 72' lang='lat' dir='ltr'>quidem</span> <span class='ocrx_word' id='word_1_61' title='bbox 262 812 552 851; x_wconf 75' lang='lat' dir='ltr'>adulescentem</span> <span class='ocrx_word' id='word_1_62' title='bbox 591 811 876 858; x_wconf 82' lang='lat' dir='ltr'>ardentissime,</span> <span class='ocrx_word' id='word_1_63' title='bbox 917 812 1018 850; x_wconf 90' lang='lat' dir='ltr'>sicut</span> <span class='ocrx_word' id='word_1_64' title='bbox 1055 818 1257 860; x_wconf 71' lang='lat' dir='ltr'>meretur3</span> 
     </span>
     <span class='ocr_line' id='line_1_10' title="bbox 64 876 1251 927; baseline 0.001 -12"><span class='ocrx_word' id='word_1_65' title='bbox 64 877 132 915; x_wconf 91' lang='lat' dir='ltr'>sed</span> <span class='ocrx_word' id='word_1_66' title='bbox 151 877 225 915; x_wconf 90' lang='lat' dir='ltr'>hoc</span> <span class='ocrx_word' id='word_1_67' title='bbox 245 877 374 927; x_wconf 89' lang='lat' dir='ltr'>ipsum</span> <span class='ocrx_word' id='word_1_68' title='bbox 395 876 562 914; x_wconf 86' lang='lat' dir='ltr'>amantis</span> <span class='ocrx_word' id='word_1_69' title='bbox 579 881 649 923; x_wconf 90' lang='lat' dir='ltr'>est,</span> <span class='ocrx_word' id='word_1_70' title='bbox 667 889 747 914; x_wconf 92' lang='lat' dir='ltr'>non</span> <span class='ocrx_word' id='word_1_71' title='bbox 768 890 930 915; x_wconf 89' lang='lat' dir='ltr'>onerare</span> <span class='ocrx_word' id='word_1_72' title='bbox 951 890 1041 915; x_wconf 78' lang='lat' dir='ltr'>eun]</span> <span class='ocrx_word' id='word_1_73' title='bbox 1060 877 1251 916; x_wconf 85' lang='lat' dir='ltr'>laudibus.</span> 
     </span>
    </p>
   </div>
   <div class='ocr_carea' id='block_1_3' title="bbox 64 941 159 979">
    <p class='ocr_par' dir='ltr' id='par_1_3' title="bbox 64 941 159 979">
     <span class='ocr_line' id='line_1_11' title="bbox 64 941 159 979; baseline 0.011 -1"><span class='ocrx_word' id='word_1_74' title='bbox 64 941 159 979; x_wconf 84' lang='lat' dir='ltr'>vale.</span> 
     </span>
    </p>
   </div>
   <div class='ocr_carea' id='block_1_4' title="bbox 612 1077 698 1116">
    <p class='ocr_par' dir='ltr' id='par_1_4' title="bbox 612 1077 698 1116">
     <span class='ocr_line' id='line_1_12' title="bbox 612 1077 698 1116; baseline -0.012 0"><span class='ocrx_word' id='word_1_75' title='bbox 612 1077 698 1116; x_wconf 90' lang='lat' dir='ltr'>XV.</span> 
     </span>
    </p>
   </div>
   <div class='ocr_carea' id='block_1_5' title="bbox 273 1175 1039 1206">
    <p class='ocr_par' dir='ltr' id='par_1_5' title="bbox 273 1175 1039 1206">
     <span class='ocr_line' id='line_1_13' title="bbox 273 1175 1039 1206; baseline 0 -1"><span class='ocrx_word' id='word_1_76' title='bbox 273 1176 305 1206; x_wconf 92' lang='lat' dir='ltr'>C.</span> <span class='ocrx_word' id='word_1_77' title='bbox 327 1175 498 1205; x_wconf 79' lang='lat' dir='ltr'>PLINIUS</span> <span class='ocrx_word' id='word_1_78' title='bbox 524 1176 713 1205; x_wconf 83' lang='lat' dir='ltr'>SEPTICIO</span> <span class='ocrx_word' id='word_1_79' title='bbox 739 1175 874 1205; x_wconf 80' lang='lat' dir='ltr'><strong>CLARO</strong></span> <span class='ocrx_word' id='word_1_80' title='bbox 901 1176 982 1205; x_wconf 74' lang='lat' dir='ltr'>SUO</span> <span class='ocrx_word' id='word_1_81' title='bbox 1007 1176 1039 1206; x_wconf 91' lang='lat' dir='ltr'>S.</span> 
     </span>
    </p>
   </div>
   <div class='ocr_carea' id='block_1_6' title="bbox 61 1255 1253 1343">
    <p class='ocr_par' dir='ltr' id='par_1_6' title="bbox 61 1255 1253 1343">
     <span class='ocr_line' id='line_1_14' title="bbox 99 1255 1253 1293; baseline 0.001 -7"><span class='ocrx_word' id='word_1_82' title='bbox 99 1258 129 1286; x_wconf 78' lang='lat' dir='ltr'><em>A</em></span> <span class='ocrx_word' id='word_1_83' title='bbox 149 1256 279 1293; x_wconf 74' lang='lat' dir='ltr'>playsul</span> <span class='ocrx_word' id='word_1_84' title='bbox 298 1256 385 1285; x_wconf 80' lang='lat' dir='ltr'>letter</span> <span class='ocrx_word' id='word_1_85' title='bbox 406 1259 435 1284; x_wconf 78' lang='lat' dir='ltr'>to</span> <span class='ocrx_word' id='word_1_86' title='bbox 457 1255 620 1292; x_wconf 72' lang='lat' dir='ltr'>Septicius,</span> <span class='ocrx_word' id='word_1_87' title='bbox 638 1255 703 1284; x_wconf 78' lang='lat' dir='ltr'>who</span> <span class='ocrx_word' id='word_1_88' title='bbox 722 1256 880 1291; x_wconf 75' lang='lat' dir='ltr'>promised</span> <span class='ocrx_word' id='word_1_89' title='bbox 899 1259 928 1284; x_wconf 77' lang='lat' dir='ltr'>to</span> <span class='ocrx_word' id='word_1_90' title='bbox 947 1265 1027 1285; x_wconf 82' lang='lat' dir='ltr'>come</span> <span class='ocrx_word' id='word_1_91' title='bbox 1046 1259 1074 1285; x_wconf 74' lang='lat' dir='ltr'>to</span> <span class='ocrx_word' id='word_1_92' title='bbox 1089 1256 1163 1287; x_wconf 82' lang='lat' dir='ltr'>dine</span> <span class='ocrx_word' id='word_1_93' title='bbox 1180 1257 1253 1287; x_wconf 70' lang='lat' dir='ltr'>with</span> 
     </span>
     <span class='ocr_line' id='line_1_15' title="bbox 61 1306 518 1343; baseline 0 -7"><span class='ocrx_word' id='word_1_94' title='bbox 61 1307 162 1343; x_wconf 72' lang='lat' dir='ltr'>Pliny</span> <span class='ocrx_word' id='word_1_95' title='bbox 176 1307 244 1335; x_wconf 75' lang='lat' dir='ltr'>and</span> <span class='ocrx_word' id='word_1_96' title='bbox 258 1306 346 1336; x_wconf 74' lang='lat' dir='ltr'>broke</span> <span class='ocrx_word' id='word_1_97' title='bbox 361 1307 409 1335; x_wconf 74' lang='lat' dir='ltr'>his</span> <span class='ocrx_word' id='word_1_98' title='bbox 424 1306 518 1336; x_wconf 76' lang='lat' dir='ltr'>word.</span> 
     </span>
    </p>
   </div>
   <div class='ocr_carea' id='block_1_7' title="bbox 53 1387 1290 2148">
    <p class='ocr_par' dir='ltr' id='par_1_7' title="bbox 53 1387 1290 2148">
     <span class='ocr_line' id='line_1_16' title="bbox 113 1387 1287 1438; baseline 0.001 -11"><span class='ocrx_word' id='word_1_99' title='bbox 113 1388 224 1427; x_wconf 90' lang='lat' dir='ltr'>Heus</span> <span class='ocrx_word' id='word_1_100' title='bbox 252 1393 297 1426; x_wconf 93' lang='lat' dir='ltr'>tu</span> <span class='ocrx_word' id='word_1_101' title='bbox 327 1387 526 1438; x_wconf 81' lang='lat' dir='ltr'>promittis</span> <span class='ocrx_word' id='word_1_102' title='bbox 555 1387 605 1425; x_wconf 91' lang='lat' dir='ltr'>ad</span> <span class='ocrx_word' id='word_1_103' title='bbox 635 1400 771 1425; x_wconf 86' lang='lat' dir='ltr'>cenam</span> <span class='ocrx_word' id='word_1_104' title='bbox 799 1400 870 1426; x_wconf 84' lang='lat' dir='ltr'>nec</span> <span class='ocrx_word' id='word_1_105' title='bbox 897 1388 1034 1426; x_wconf 82' lang='lat' dir='ltr'>venis!</span> <span class='ocrx_word' id='word_1_106' title='bbox 1100 1389 1287 1428; x_wconf 90' lang='lat' dir='ltr'>diceturl</span> 
     </span>
     <span class='ocr_line' id='line_1_17' title="bbox 58 1451 1249 1502; baseline 0.001 -11"><span class='ocrx_word' id='word_1_107' title='bbox 58 1454 143 1491; x_wconf 85' lang='lat' dir='ltr'>ius:</span> <span class='ocrx_word' id='word_1_108' title='bbox 182 1452 233 1491; x_wconf 88' lang='lat' dir='ltr'>ad</span> <span class='ocrx_word' id='word_1_109' title='bbox 265 1465 390 1491; x_wconf 89' lang='lat' dir='ltr'>assem</span> <span class='ocrx_word' id='word_1_110' title='bbox 421 1451 653 1502; x_wconf 88' lang='lat' dir='ltr'>inpendium</span> <span class='ocrx_word' id='word_1_111' title='bbox 683 1451 833 1499; x_wconf 83' lang='lat' dir='ltr'>reddes,</span> <span class='ocrx_word' id='word_1_112' title='bbox 866 1465 936 1490; x_wconf 91' lang='lat' dir='ltr'>nec</span> <span class='ocrx_word' id='word_1_113' title='bbox 968 1452 1009 1490; x_wconf 88' lang='lat' dir='ltr'>id</span> <span class='ocrx_word' id='word_1_114' title='bbox 1041 1453 1249 1492; x_wconf 77' lang='lat' dir='ltr'>modicum.</span> 
     </span>
     <span class='ocr_line' id='line_1_18' title="bbox 57 1516 1290 1568; baseline 0.002 -13"><span class='ocrx_word' id='word_1_115' title='bbox 57 1523 216 1568; x_wconf 88' lang='lat' dir='ltr'>paratae</span> <span class='ocrx_word' id='word_1_116' title='bbox 245 1522 358 1555; x_wconf 87' lang='lat' dir='ltr'>erant</span> <span class='ocrx_word' id='word_1_117' title='bbox 386 1516 560 1555; x_wconf 85' lang='lat' dir='ltr'>lactucae</span> <span class='ocrx_word' id='word_1_118' title='bbox 588 1517 776 1568; x_wconf 85' lang='lat' dir='ltr'>singulae,</span> <span class='ocrx_word' id='word_1_119' title='bbox 798 1516 977 1555; x_wconf 84' lang='lat' dir='ltr'>cochleae</span> <span class='ocrx_word' id='word_1_120' title='bbox 1004 1522 1150 1567; x_wconf 88' lang='lat' dir='ltr'>ternae,</span> <span class='ocrx_word' id='word_1_121' title='bbox 1178 1532 1252 1557; x_wconf 87' lang='lat' dir='ltr'>ova</span> <span class='ocrx_word' id='word_1_122' title='bbox 1269 1527 1290 1556; x_wconf 78' lang='lat'>‘2</span> 
     </span>
     <span class='ocr_line' id='line_1_19' title="bbox 58 1581 1251 1634; baseline 0.003 -15"><span class='ocrx_word' id='word_1_123' title='bbox 58 1582 161 1627; x_wconf 87' lang='lat' dir='ltr'>bina,</span> <span class='ocrx_word' id='word_1_124' title='bbox 195 1581 293 1619; x_wconf 86' lang='lat' dir='ltr'>alica</span> <span class='ocrx_word' id='word_1_125' title='bbox 331 1594 417 1619; x_wconf 90' lang='lat' dir='ltr'>cum</span> <span class='ocrx_word' id='word_1_126' title='bbox 457 1581 583 1619; x_wconf 82' lang='lat' dir='ltr'>mulso</span> <span class='ocrx_word' id='word_1_127' title='bbox 621 1586 661 1619; x_wconf 91' lang='lat' dir='ltr'>et</span> <span class='ocrx_word' id='word_1_128' title='bbox 694 1581 786 1619; x_wconf 86' lang='lat' dir='ltr'>nive</span> <span class='ocrx_word' id='word_1_129' title='bbox 821 1582 929 1631; x_wconf 91' lang='lat' dir='ltr'>(nam</span> <span class='ocrx_word' id='word_1_130' title='bbox 963 1581 1063 1621; x_wconf 89' lang='lat' dir='ltr'>hanc</span> <span class='ocrx_word' id='word_1_131' title='bbox 1095 1596 1251 1634; x_wconf 87' lang='lat' dir='ltr'>quoque</span> 
     </span>
     <span class='ocr_line' id='line_1_20' title="bbox 57 1645 1250 1697; baseline 0.002 -13"><span class='ocrx_word' id='word_1_132' title='bbox 57 1646 316 1696; x_wconf 82' lang='lat' dir='ltr'>computabis,</span> <span class='ocrx_word' id='word_1_133' title='bbox 355 1646 476 1683; x_wconf 88' lang='lat' dir='ltr'>immo</span> <span class='ocrx_word' id='word_1_134' title='bbox 513 1645 614 1683; x_wconf 85' lang='lat' dir='ltr'>hanc</span> <span class='ocrx_word' id='word_1_135' title='bbox 652 1645 693 1683; x_wconf 90' lang='lat' dir='ltr'>in</span> <span class='ocrx_word' id='word_1_136' title='bbox 730 1645 879 1695; x_wconf 88' lang='lat' dir='ltr'>primis,</span> <span class='ocrx_word' id='word_1_137' title='bbox 916 1659 1016 1696; x_wconf 90' lang='lat' dir='ltr'>quae</span> <span class='ocrx_word' id='word_1_138' title='bbox 1054 1647 1173 1697; x_wconf 88' lang='lat' dir='ltr'>periit</span> <span class='ocrx_word' id='word_1_139' title='bbox 1209 1648 1250 1686; x_wconf 91' lang='lat' dir='ltr'>in</span> 
     </span>
     <span class='ocr_line' id='line_1_21' title="bbox 55 1710 1250 1760; baseline 0.001 -10"><span class='ocrx_word' id='word_1_140' title='bbox 55 1711 230 1760; x_wconf 86' lang='lat' dir='ltr'>ferculo),</span> <span class='ocrx_word' id='word_1_141' title='bbox 259 1710 395 1756; x_wconf 87' lang='lat' dir='ltr'>olivae,</span> <span class='ocrx_word' id='word_1_142' title='bbox 426 1710 588 1757; x_wconf 82' lang='lat' dir='ltr'>betacei,</span> <span class='ocrx_word' id='word_1_143' title='bbox 619 1711 854 1757; x_wconf 83' lang='lat' dir='ltr'>cucurbitae,</span> <span class='ocrx_word' id='word_1_144' title='bbox 885 1711 1009 1759; x_wconf 86' lang='lat' dir='ltr'>bulbi,</span> <span class='ocrx_word' id='word_1_145' title='bbox 1038 1711 1116 1750; x_wconf 89' lang='lat' dir='ltr'>alia</span> <span class='ocrx_word' id='word_1_146' title='bbox 1143 1713 1250 1752; x_wconf 89' lang='lat' dir='ltr'>mille</span> 
     </span>
     <span class='ocr_line' id='line_1_22' title="bbox 55 1774 1249 1815; baseline 0 0"><span class='ocrx_word' id='word_1_147' title='bbox 55 1789 134 1815; x_wconf 91' lang='lat' dir='ltr'>non</span> <span class='ocrx_word' id='word_1_148' title='bbox 168 1776 298 1814; x_wconf 92' lang='lat' dir='ltr'>minus</span> <span class='ocrx_word' id='word_1_149' title='bbox 330 1775 447 1813; x_wconf 88' lang='lat' dir='ltr'>lauta.</span> <span class='ocrx_word' id='word_1_150' title='bbox 521 1774 696 1813; x_wconf 83' lang='lat' dir='ltr'>audisses</span> <span class='ocrx_word' id='word_1_151' title='bbox 730 1774 937 1813; x_wconf 90' lang='lat' dir='ltr'>comoedos</span> <span class='ocrx_word' id='word_1_152' title='bbox 971 1775 1034 1814; x_wconf 89' lang='lat' dir='ltr'>vel</span> <span class='ocrx_word' id='word_1_153' title='bbox 1063 1775 1249 1815; x_wconf 86' lang='lat' dir='ltr'>lectorem</span> 
     </span>
     <span class='ocr_line' id='line_1_23' title="bbox 55 1838 1286 1890; baseline 0.002 -13"><span class='ocrx_word' id='word_1_154' title='bbox 55 1839 116 1878; x_wconf 89' lang='lat' dir='ltr'>vel</span> <span class='ocrx_word' id='word_1_155' title='bbox 142 1839 308 1890; x_wconf 85' lang='lat' dir='ltr'>lyristen</span> <span class='ocrx_word' id='word_1_156' title='bbox 328 1839 402 1886; x_wconf 92' lang='lat' dir='ltr'>vel,</span> <span class='ocrx_word' id='word_1_157' title='bbox 424 1853 524 1889; x_wconf 86' lang='lat' dir='ltr'>quae</span> <span class='ocrx_word' id='word_1_158' title='bbox 551 1852 639 1877; x_wconf 85' lang='lat' dir='ltr'>mea</span> <span class='ocrx_word' id='word_1_159' title='bbox 666 1838 893 1885; x_wconf 86' lang='lat' dir='ltr'>liberalitas,</span> <span class='ocrx_word' id='word_1_160' title='bbox 926 1853 1071 1878; x_wconf 90' lang='lat' dir='ltr'>omnes.</span> <span class='ocrx_word' id='word_1_161' title='bbox 1131 1847 1171 1879; x_wconf 88' lang='lat' dir='ltr'>at</span> <span class='ocrx_word' id='word_1_162' title='bbox 1204 1848 1247 1880; x_wconf 91' lang='lat' dir='ltr'>tu</span> <span class='ocrx_word' id='word_1_163' title='bbox 1267 1856 1286 1885; x_wconf 72' lang='lat'>:3</span> 
     </span>
     <span class='ocr_line' id='line_1_24' title="bbox 54 1903 1248 1955; baseline 0.003 -13"><span class='ocrx_word' id='word_1_164' title='bbox 54 1903 159 1955; x_wconf 84' lang='lat' dir='ltr'>apud</span> <span class='ocrx_word' id='word_1_165' title='bbox 187 1904 318 1942; x_wconf 87' lang='lat' dir='ltr'>nescio</span> <span class='ocrx_word' id='word_1_166' title='bbox 347 1917 463 1954; x_wconf 89' lang='lat' dir='ltr'>quem</span> <span class='ocrx_word' id='word_1_167' title='bbox 493 1908 634 1949; x_wconf 83' lang='lat' dir='ltr'>ostrea,</span> <span class='ocrx_word' id='word_1_168' title='bbox 655 1903 805 1951; x_wconf 87' lang='lat' dir='ltr'>vulvas,</span> <span class='ocrx_word' id='word_1_169' title='bbox 835 1904 1005 1951; x_wconf 87' lang='lat' dir='ltr'>echinos,</span> <span class='ocrx_word' id='word_1_170' title='bbox 1028 1905 1248 1946; x_wconf 84' lang='lat' dir='ltr'>Gaditanas</span> 
     </span>
     <span class='ocr_line' id='line_1_25' title="bbox 54 1968 1247 2020; baseline 0.003 -14"><span class='ocrx_word' id='word_1_171' title='bbox 54 1968 240 2006; x_wconf 89' lang='lat' dir='ltr'>maluisti.</span> <span class='ocrx_word' id='word_1_172' title='bbox 323 1968 437 2006; x_wconf 89' lang='lat' dir='ltr'>dabis</span> <span class='ocrx_word' id='word_1_173' title='bbox 483 1981 642 2018; x_wconf 87' lang='lat' dir='ltr'>poenas,</span> <span class='ocrx_word' id='word_1_174' title='bbox 691 1981 772 2006; x_wconf 89' lang='lat' dir='ltr'>non</span> <span class='ocrx_word' id='word_1_175' title='bbox 819 1968 908 2007; x_wconf 90' lang='lat' dir='ltr'>dico</span> <span class='ocrx_word' id='word_1_176' title='bbox 955 1982 1062 2020; x_wconf 88' lang='lat' dir='ltr'>quas.</span> <span class='ocrx_word' id='word_1_177' title='bbox 1148 1971 1247 2011; x_wconf 91' lang='lat' dir='ltr'>dure</span> 
     </span>
     <span class='ocr_line' id='line_1_26' title="bbox 53 2032 1245 2080; baseline 0.003 -10"><span class='ocrx_word' id='word_1_178' title='bbox 53 2033 197 2071; x_wconf 88' lang='lat' dir='ltr'>fecisti:</span> <span class='ocrx_word' id='word_1_179' title='bbox 227 2032 420 2078; x_wconf 89' lang='lat' dir='ltr'>invidisti,</span> <span class='ocrx_word' id='word_1_180' title='bbox 442 2033 572 2071; x_wconf 87' lang='lat' dir='ltr'>nescio</span> <span class='ocrx_word' id='word_1_181' title='bbox 593 2046 642 2070; x_wconf 90' lang='lat' dir='ltr'>an</span> <span class='ocrx_word' id='word_1_182' title='bbox 662 2032 747 2080; x_wconf 87' lang='lat' dir='ltr'>tibi,</span> <span class='ocrx_word' id='word_1_183' title='bbox 769 2038 873 2072; x_wconf 87' lang='lat' dir='ltr'>certe</span> <span class='ocrx_word' id='word_1_184' title='bbox 894 2034 1002 2080; x_wconf 91' lang='lat' dir='ltr'>mihi,</span> <span class='ocrx_word' id='word_1_185' title='bbox 1025 2035 1091 2073; x_wconf 91' lang='lat' dir='ltr'>sed</span> <span class='ocrx_word' id='word_1_186' title='bbox 1113 2040 1245 2075; x_wconf 85' lang='lat' dir='ltr'>tamen</span> 
     </span>
     <span class='ocr_line' id='line_1_27' title="bbox 53 2097 1245 2148; baseline 0.003 -12"><span class='ocrx_word' id='word_1_187' title='bbox 53 2102 93 2136; x_wconf 89' lang='lat' dir='ltr'>et</span> <span class='ocrx_word' id='word_1_188' title='bbox 130 2097 215 2135; x_wconf 90' lang='lat' dir='ltr'>tibi.</span> <span class='ocrx_word' id='word_1_189' title='bbox 284 2103 477 2147; x_wconf 88' lang='lat' dir='ltr'>quantum</span> <span class='ocrx_word' id='word_1_190' title='bbox 514 2109 585 2136; x_wconf 91' lang='lat' dir='ltr'>nos</span> <span class='ocrx_word' id='word_1_191' title='bbox 622 2097 861 2143; x_wconf 82' lang='lat' dir='ltr'>lusissemus,</span> <span class='ocrx_word' id='word_1_192' title='bbox 900 2098 1132 2148; x_wconf 86' lang='lat' dir='ltr'>risissemus,</span> <span class='ocrx_word' id='word_1_193' title='bbox 1167 2108 1245 2139; x_wconf 89' lang='lat' dir='ltr'>stu-</span> 
     </span>
    </p>
   </div>
  </div>
 </body>
</html>
