1492 2469
177 199 226 236 64
673 199 708 232 C.
730 200 862 232 PLINI

175 303 316 350 minus,
344 304 451 354 quod
480 304 603 342 altera
631 304 803 342 fenestra
833 304 1011 343 admittit
1039 306 1243 352 orientem,
1273 304 1367 343 occi-

174 368 331 406 dentem
355 369 478 406 altera
504 369 660 414 retinet,
682 369 753 407 hac
783 374 823 407 et
851 369 1055 407 subiacens
1080 383 1185 408 mare
1212 369 1368 420 longius

135 441 153 475 7
173 432 334 482 quidem
381 433 449 471 sed
487 434 661 471 securius
698 433 889 472 intuetur.
966 434 1084 472 huius
1122 434 1289 472 cubiculi
1327 440 1367 471 et

174 497 334 535 triclinii
365 497 470 536 illius
499 498 655 536 obiectu
686 498 903 536 includitur
934 498 1111 549 angulus,
1145 498 1213 549 qui
1245 497 1367 549 puris-

172 562 315 600 simum
331 562 453 601 solem
469 564 646 601 continet
661 568 701 601 et
716 562 904 601 accendit.
963 562 1036 601 hoc
1057 562 1365 610 hibernaculum,

172 627 244 665 hoc
275 628 393 665 etiam
422 628 673 678 gymnasium
702 641 880 666 meorum
901 633 983 666 est:
1012 627 1068 666 ibi
1097 641 1231 666 omnes
1251 627 1367 665 silent

173 691 282 729 venti
302 692 475 741 exceptis
502 692 570 742 qui
596 691 777 730 nubilum
802 692 997 730 inducunt
1016 697 1057 730 et
1075 705 1257 730 serenum
1276 699 1367 730 ante

134 765 153 795 8
171 769 290 806 quam
320 769 435 793 usum
465 755 540 794 loci
571 756 756 806 eripiunt.
828 756 1054 794 adnectitur
1084 756 1229 807 angulo
1264 757 1367 795 cubi-

172 819 304 858 culum
351 820 394 857 in
435 819 602 869 hapsida
639 826 857 868 curvatum,
898 820 1004 871 quod
1043 821 1236 859 ambitum
1275 821 1366 859 solis

172 884 354 923 fenestris
386 885 568 923 omnibus
602 885 790 936 sequitur.
858 886 1001 936 parieti
1035 886 1119 924 eius
1157 886 1199 924 in
1231 885 1366 924 biblio-

171 949 308 988 thecae
346 949 515 999 speciem
553 950 764 988 armarium
801 950 994 988 insertum
1033 956 1102 997 est,
1143 949 1250 1000 quod
1286 963 1366 988 non

133 1023 152 1053 9
170 1014 358 1065 legendos
382 1014 501 1053 libros
529 1014 597 1052 sed
623 1014 860 1053 lectitandos
889 1015 1003 1065 capit.
1075 1014 1264 1052 adhaeret
1282 1013 1367 1052 dor-

171 1079 375 1118 mitorium
412 1079 634 1117 membrum
672 1079 843 1117 transitu
880 1079 1150 1125 interiacente,
1185 1078 1253 1129 qui
1289 1092 1367 1116 sus-

170 1157 315 1195 pensus
362 1149 402 1182 et
448 1144 653 1182 tubulatus
705 1149 940 1194 conceptum
988 1157 1174 1194 vaporem
1221 1143 1367 1182 salubri

170 1214 483 1259 temperamento
504 1209 580 1247 huc
601 1209 693 1247 illuc
714 1209 858 1259 digerit
879 1214 918 1247 et
938 1209 1149 1247 ministrat.
1216 1207 1367 1258 reliqua

169 1288 258 1325 pars
296 1274 431 1312 lateris
469 1274 585 1312 huius
632 1287 836 1312 servorum
874 1274 1184 1324 libertorumque
1230 1273 1366 1311 usibus

169 1339 379 1387 detinetur,
403 1338 599 1389 plerisque
628 1344 710 1376 tam
738 1338 897 1376 mundis
926 1344 971 1376 ut
999 1330 1172 1389 accipere
1192 1338 1366 1388 hospites

114 1414 151 1445 10
168 1405 330 1455 possint.
401 1417 450 1442 ex
479 1403 556 1442 alio
582 1403 704 1441 latere
730 1403 954 1441 cubiculum
980 1408 1040 1441 est
1062 1401 1342 1453 politissimum
1356 1418 1366 1449 3

169 1468 312 1507 deinde
331 1468 395 1506 vel
415 1467 639 1506 cubiculum
658 1467 807 1518 grande
827 1467 891 1505 vel
910 1467 1064 1506 modica
1084 1467 1248 1514 cenatio,
1265 1480 1365 1517 quae

168 1533 338 1584 plurimo
354 1533 446 1580 sole,
463 1532 634 1583 plurimo
649 1533 750 1570 mari
764 1531 870 1570 lucet
883 1546 894 1579 3
921 1537 1012 1582 post
1026 1531 1127 1569 hanc
1143 1531 1364 1569 cubiculum

168 1611 256 1636 cum
302 1602 549 1648 procoetone,
594 1596 807 1635 altitudine
855 1596 1059 1643 aestivum,
1107 1595 1365 1633 munimentis

167 1663 402 1701 hibernum:
450 1667 510 1700 est
556 1661 662 1699 enim
709 1660 948 1699 subductum
994 1659 1175 1699 omnibus
1222 1660 1361 1698 ventis.

169 1727 260 1765 huic
294 1726 472 1765 cubiculo
508 1725 617 1763 aliud
660 1730 701 1763 et
734 1729 948 1775 procoeton
983 1724 1182 1762 communi
1215 1724 1364 1774 pariete

111 1801 146 1831 ll
167 1793 397 1842 iunguntur.
464 1789 556 1828 inde
585 1789 730 1827 balinei
763 1788 859 1827 cella
891 1788 1094 1839 frigidaria
1122 1789 1293 1839 spatiosa
1325 1795 1365 1826 et

168 1857 299 1903 effusa,
336 1855 445 1893 cuius
474 1855 515 1892 in
545 1853 750 1892 contrariis
779 1852 994 1903 parietibus
1023 1852 1101 1890 duo
1134 1852 1364 1903 baptisteria

168 1921 277 1960 velut
310 1920 434 1959 eiecta
466 1919 685 1965 sinuantur,
723 1917 880 1956 abunde
914 1917 1080 1967 capacia,
1117 1917 1149 1955 si
1183 1930 1290 1956 mare
1321 1917 1361 1954 in

168 1985 348 2037 proximo
383 1984 540 2035 cogites.
617 1983 769 2021 adiacet
802 1982 1038 2029 unctorium,
1079 1981 1362 2032 hypocauston,

166 2050 321 2090 adiacet
352 2049 597 2099 propnigeon
631 2047 788 2094 balinei,
822 2060 916 2085 mox
953 2046 1053 2084 duae
1087 2045 1206 2084 cellae
1239 2046 1363 2097 magis
