1492 2469
409 263 748 297 EPISTULARUM
774 263 822 295 ΙΙ.
850 272 1001 294 xr.-x111.
1250 266 1298 301 57

111 371 268 424 specula
287 369 606 420 conspiciendum
626 381 666 407 se
686 367 1065 417 monstrandumque
1091 366 1305 416 praebere?

114 443 313 488 praeterea
341 435 436 485 quid
464 434 620 486 publice
650 433 779 471 minus
808 438 878 470 aut
906 444 1124 482 congruens
1153 438 1222 469 aut
1242 430 1305 468 de·
1323 437 1341 463 ⁴

111 514 257 546 corum,
287 504 470 537 notatum
501 512 524 536 a
553 502 693 536 senatu
720 498 761 535 in
791 501 928 535 senatu
963 495 1097 534 sedere
1130 495 1303 545 ipsisque

113 566 191 604 illis
228 578 250 603 a
286 565 430 614 quibus
464 563 516 602 sit
547 567 708 601 notatus
742 561 901 612 aequari
935 566 975 599 et
1008 565 1249 599 summotum
1283 573 1305 597 a

114 629 402 680 proconsulatu,
436 628 528 678 quia
556 641 596 665 se
624 627 666 665 in
694 626 891 678 legatione
920 626 1090 675 turpiter
1118 631 1304 675 gesserat,

112 695 162 733 de
181 693 479 745 proconsulibus
507 692 679 730 iudicare
708 690 1018 740 damnatumque
1048 689 1222 727 sordium
1243 688 1305 727 vel

114 759 299 797 damnare
319 758 415 796 alios
434 757 497 795 vel
517 756 717 794 absolvere
734 757 747 794 ’.ἱ
799 755 867 793 sed
887 755 960 793 hoc
981 754 1158 805 pluribus
1178 754 1306 792 visum
1325 760 1343 789 5

113 830 183 862 est.
254 826 513 860 numerantur
532 820 638 859 enim
661 819 891 865 sententiae,
913 832 992 857 non
1013 818 1283 869 ponderantur
1295 833 1305 866 3

114 902 184 926 nec
204 886 311 926 aliud
339 887 379 924 in
408 885 565 936 publico
592 884 753 922 consilio
780 888 911 934 potest
930 883 1026 929 fieri,
1047 883 1088 921 in
1109 896 1187 933 quo
1207 882 1307 920 nihil

113 959 174 991 est
199 958 279 989 tam
310 949 514 1000 inaequale
545 962 663 999 quam
691 948 907 999 aequalitas
935 948 1029 998 ipsa.
1099 961 1192 985 nam
1219 961 1306 985 cum

113 1017 167 1054 sit
198 1015 312 1066 inpar
343 1013 564 1064 prudentia,
599 1026 670 1063 par
703 1012 878 1051 omnium
911 1012 972 1050 ius
1012 1017 1080 1050 est.
1158 1012 1306 1062 inplevi
1327 1022 1346 1051 (3

115 1080 348 1131 promissum
378 1078 597 1129 priorisque
628 1076 819 1128 epistulae
852 1076 969 1115 fidem
1001 1076 1162 1123 exsolvi,
1190 1089 1307 1127 quam

114 1158 164 1183 ex
192 1143 318 1194 spatio
346 1142 535 1192 temporis
563 1142 643 1180 iam
671 1142 862 1192 recepisse
892 1146 932 1179 te
963 1141 1126 1192 colligo:
1156 1155 1249 1179 nam
1269 1147 1309 1180 et

114 1208 318 1248 festinanti
347 1212 387 1245 et
415 1205 597 1257 diligenti
627 1205 831 1244 tabellario
863 1205 956 1244 dedi
970 1220 981 1253 3
1009 1205 1085 1243 nisi
1114 1205 1210 1256 quid
1241 1206 1310 1244 im-

114 1272 332 1324 pedimenti
362 1271 403 1309 in
434 1271 498 1308 via
527 1283 665 1320 passus
697 1275 766 1308 est.
839 1275 932 1308 tuae
965 1283 1069 1308 nunc
1100 1275 1232 1320 partes
1264 1276 1309 1309 ut
1328 1279 1346 1310 7

115 1338 285 1389 primum
300 1336 418 1382 illam,
437 1334 580 1374 deinde
599 1335 700 1373 hanc
719 1335 981 1373 remunereris
1000 1335 1155 1382 litteris,
1174 1335 1308 1386 quales

115 1403 232 1441 istinc
249 1401 378 1440 redire
399 1399 619 1438 uberrimae
640 1405 815 1450 possunt.
875 1399 970 1438 vale.

657 1520 771 1557 XIII.

429 1607 654 1636 C.PL1NIL’s
680 1606 826 1635 Pmsco
853 1606 934 1636 suo
961 1607 993 1637 s.

160 1677 202 1704 Τι)
230 1676 385 1704 Neratius
406 1675 545 1709 Priscus,
573 1673 686 1709 asleinss
713 1674 778 1702 lzim
807 1677 836 1702 ιο
864 1674 1003 1704 advcmce
1031 1675 1080 1704 the
1107 1675 1252 1705 interest-5
1279 1676 1313 1711 of

123 1716 217 1744 νοω.)
226 1716 275 1744 ius
295 1715 466 1743 Romanus.

169 1786 221 1823 Et
248 1791 293 1822 tu
319 1784 540 1823 occasiones
569 1783 770 1834 obligandi
799 1797 860 1821 me
892 1784 1117 1823 avidissime
1149 1785 1346 1835 amplecd

117 1851 221 1896 teris,
244 1854 283 1888 et
303 1862 374 1900 ego
393 1848 542 1886 nemini
561 1848 750 1886 libentius
771 1848 907 1887 debeo.
977 1849 1131 1888 duabus
1151 1864 1242 1901 ergo
1263 1850 1312 1889 de
1330 1861 1350 1890 2

116 1915 243 1953 causis
263 1927 285 1952 a
304 1920 343 1952 te
363 1913 612 1963 potissimum
633 1919 767 1963 petere
791 1913 980 1952 constitui
1009 1914 1115 1965 quod
1143 1915 1313 1965 inpetra-

118 1985 203 2017 tum
228 1978 395 2016 maxime
424 1978 549 2027 cupio.
620 1977 723 2028 regis
753 1978 970 2016 exercitum
1001 1979 1310 2030 amplissimum:

118 2044 208 2082 hinc
227 2043 301 2081 tibi
320 2042 598 2081 beneficiorum
613 2041 721 2092 larga
736 2043 911 2090 materia,
929 2043 1091 2094 longum
1110 2050 1313 2095 praeterea

118 2116 272 2158 tenipus
292 2120 370 2157 quo
398 2107 542 2144 amicos
571 2111 660 2145 tuos
690 2120 878 2146 exornare
910 2109 1085 2158 potuisti.
1157 2122 1314 2148 conver.
1332 2117 1352 2148 3
