1492 2469
343 238 684 271 EPISTULARUM
712 238 738 269 Ι.
766 246 998 269 xx⁷11.-xv1111.
1218 239 1266 275 27

78 355 233 381 causam
267 342 357 381 Iuni
390 342 577 390 Pastoris,
609 355 695 380 cum
724 341 822 379 mihi
851 341 1068 392 quiescenti
1097 341 1180 378 visa
1209 346 1268 378 est

78 420 210 446 socrus
242 420 329 446 mea
363 407 551 445 advoluta
583 407 748 457 genibus
782 419 831 444 ne
865 418 1020 456 agerem
1054 405 1265 443 obsecrare.

77 476 116 510 et
136 485 241 510 eram
261 477 418 510 acturus
444 471 762 510 adulescentulus
790 470 928 516 adhuc,
951 483 1056 508 eram
1084 469 1126 507 in
1150 469 1268 520 quad-

76 536 215 586 ruplici
256 535 412 582 iudicio,
448 549 553 574 eram
593 540 729 573 contra
767 534 1061 585 potentissimos
1098 534 1270 572 civitatis

76 605 195 650 atque
225 601 343 639 etiam
374 600 549 639 Caesaris
578 600 721 638 amicos
737 615 747 648 3
776 612 875 649 quae
903 598 1059 649 singula
1086 604 1268 637 excutere

75 670 250 703 mentem
289 665 387 702 mihi
425 670 514 715 post
554 669 633 702 tam
681 664 794 702 triste
841 663 1035 701 somnium
1072 668 1265 713 poterant.

73 730 134 780 egi
154 734 286 768 tamen
308 728 559 779 λογισάμενος
578 727 677 766 illud
1283 737 1304 766 4

216 815 266 855 εἷς
285 815 412 854 οἰωνὸς
432 815 587 864 ἄριστος
607 813 822 863 (imbuo-Hac,
843 813 928 862 περὶ
947 813 1100 862 πάτρης.

73 914 164 939 nam
196 901 293 939 mihi
326 901 453 952 patria
482 907 522 939 et
555 901 587 939 si
621 900 717 951 quid
751 901 878 938 carius
912 900 1007 939 fides
1042 900 1261 939 videbatur.

71 978 255 1016 prospere
294 966 421 1012 cessit,
462 970 580 1015 atque
619 965 716 1003 adeo
754 965 822 1003 illa
859 965 960 1003 actio
1007 965 1105 1003 mihi
1152 978 1263 1003 aures

72 1030 285 1078 hominum,
308 1030 376 1068 illa
404 1030 563 1068 ianuam
588 1031 714 1068 famae
739 1030 937 1080 patefecit.
995 1030 1161 1080 proinde
1190 1031 1261 1069 dis-
1281 1040 1301 1071 5

70 1095 154 1144 pice
174 1107 224 1132 an
244 1099 288 1132 tu
309 1107 464 1145 quoque
483 1094 556 1132 sub
577 1094 650 1132 hoc
670 1094 850 1145 exemplo
877 1094 1074 1133 somnium
1094 1095 1202 1133 istud
1221 1096 1262 1133 in

70 1159 217 1197 bonum
251 1165 392 1206 vertas,
428 1165 496 1197 aut
530 1159 562 1197 si
600 1159 724 1197 tutius
762 1164 877 1209 putas
912 1159 1011 1198 illud
1046 1161 1262 1198 cautissimi

68 1223 256 1274 cuiusque
293 1229 546 1274 praeceptum
582 1223 712 1273 ‘quod
751 1223 910 1262 dubitas
944 1237 993 1262 ne
1026 1225 1187 1271 feceris,'
1221 1225 1261 1263 id

67 1288 196 1339 ipsum
233 1288 412 1327 rescribe.
488 1301 559 1338 ego
605 1288 775 1338 aliquam
821 1289 1024 1339 stropham
1062 1290 1300 1328 inveniamb’

67 1367 256 1404 agamque
277 1367 431 1391 eausam
452 1359 572 1399 tuam,
595 1358 639 1391 ut
665 1354 789 1403 ipsam
820 1367 933 1405 agere
953 1360 1009 1401 tu,
1031 1368 1119 1393 cum
1140 1356 1257 1402 voles,

66 1418 203 1468 possis.
274 1424 334 1456 est
360 1418 464 1456 enim
494 1431 586 1456 sane
616 1418 692 1456 alia
720 1419 821 1456 ratio
850 1424 928 1465 tua,
955 1419 1030 1457 alia
1057 1433 1144 1458 mea
1172 1420 1256 1458 fuit.

66 1496 157 1520 nam
178 1482 367 1520 iudicium
387 1482 669 1521 centumvirale
696 1483 843 1521 differri
871 1483 977 1522 nullo
1004 1484 1130 1532 modo,
1153 1485 1260 1523 istud

66 1560 179 1598 aegre
199 1547 358 1598 quidem
378 1547 447 1586 sed.
466 1552 599 1586 tamen
620 1552 760 1598 potest.
818 1548 915 1586 vale.

570 1689 746 1728 XVIIII.

279 1792 313 1823 C.
334 1792 505 1822 PLINIUS
530 1793 721 1823 ROMATio
748 1794 878 1823 Fumo
904 1795 985 1825 suo
1011 1795 1044 1826 s.

103 1876 204 1912 Pliny
224 1876 313 1912 offcrs
333 1877 500 1906 Romatius
520 1878 659 1913 Firmus,
684 1878 733 1907 his
753 1881 933 1914 townsmczn,
958 1881 1078 1916 enouqh
1099 1891 1208 1919 money
1227 1887 1257 1912 ιο

65 1926 170 1956 enable
183 1927 248 1956 him
263 1930 291 1956 lo
306 1927 431 1963 qualifiy
446 1936 481 1956 as
495 1937 515 1956 a
530 1928 658 1957 member
672 1928 708 1964 of
717 1929 766 1958 tlze
779 1928 856 1958 ordo
871 1932 1029 1967 equester.

118 2013 324 2063 Municeps
352 2019 398 2052 tu
426 2027 535 2052 meus
565 2020 605 2052 et
638 2015 926 2066 condiscipulus
953 2022 992 2056 et
1018 2019 1067 2057 ab
1093 2019 1289 2063 ineuntel

65 2082 193 2116 aetate
221 2078 523 2126 contubernalis,
545 2085 657 2129 pater
684 2085 775 2118 tuus
801 2086 841 2119 et
865 2082 982 2120 matri
1002 2089 1041 2121 et
1061 2085 1254 2124 avunculo
