1492 2469
169 206 218 241 34
663 202 699 236 C.
721 203 852 234 PLINI

166 309 232 348 ille
252 314 292 347 et
310 309 455 359 privati
483 308 578 346 iuris
607 313 648 346 et
675 308 844 358 publici!
873 315 1065 358 quantum
1086 321 1215 347 rerum
1235 321 1355 358 quan-

167 380 251 412 tum
272 373 554 424 exemplorum,
576 378 767 422 quantum
795 372 1045 422 antiquitatis
1065 377 1197 411 tenet!
1256 371 1353 410 nihil

168 444 228 477 est
260 437 366 488 quod
395 437 543 475 discere
572 437 679 483 velis,
707 436 814 487 quod
842 436 907 474 ille
935 435 1074 474 docere
1102 449 1181 474 non
1209 436 1354 486 possit:

167 503 264 541 mihi
303 508 417 549 certe,
458 502 641 552 quotiens
679 500 828 551 aliquid
875 500 1054 538 abditum
1096 514 1252 550 quaero,
1290 499 1355 537 illc

130 567 375 605 3thesaurus
411 572 478 604 est.
552 565 629 603 iam
664 570 813 615 quanta
845 564 1090 603 sermonibus
1127 565 1211 603 eius
1247 564 1355 610 fides,

167 636 316 682 quanta
343 630 564 677 auctoritas,
597 643 713 680 quam
743 643 872 680 pressa
901 634 941 667 et
969 628 1109 667 decora
1136 629 1356 667 cunctatio!

168 697 264 747 quid
285 702 343 734 est
363 695 467 746 quod
483 708 562 733 non
579 695 713 732 statim
729 695 826 732 sciat
842 696 854 732 ’.ἰ
921 698 961 731 et
980 698 1112 732 tamen
1129 693 1358 744 plerumque

168 761 346 807 haesitat,
370 760 527 798 dubitat
555 759 785 797 diversitate
812 758 1019 805 rationum,
1043 771 1139 809 quas
1160 758 1237 796 acri
1256 770 1360 808 mag-

169 839 297 876 noque
336 824 480 862 iudicio
514 823 563 861 ab
601 823 751 873 origine
789 823 992 873 causisque
1030 823 1166 873 primis
1203 822 1359 873 repetit,

131 895 151 924 4
170 890 368 937 discernit,
399 887 601 939 expendit.
673 887 722 925 ad
751 887 823 925 hoc
852 901 971 937 quam
999 900 1138 937 parcus
1171 887 1212 924 in
1240 887 1358 934 victu,

170 969 287 1006 quam
307 953 484 992 modicus
504 953 544 990 in
565 952 673 990 cultu
690 956 695 990 !
764 952 867 990 soleo
888 952 1017 1002 ipsum
1037 952 1259 990 cubiculum
1279 951 1362 989 eius

169 1021 376 1070 ipsumque
391 1018 537 1056 lectum
556 1022 601 1055 ut
620 1017 831 1068 imaginem
851 1016 1049 1066 quandam
1069 1017 1216 1067 priscae
1236 1016 1363 1067 fruga-

133 1092 152 1121 5
170 1085 294 1124 litatis
323 1083 506 1133 aspicere.
576 1087 691 1120 ornat
719 1081 814 1119 haec
842 1080 1074 1131 magnitudo
1104 1081 1235 1127 animi,
1263 1094 1363 1131 quae

170 1149 266 1187 nihil
295 1147 345 1186 ad
369 1147 684 1193 ostentationem,
707 1145 840 1184 omnia
867 1144 917 1182 ad
946 1145 1223 1183 conscientiam
1243 1145 1364 1183 refert

171 1219 353 1263 recteque
381 1212 475 1250 sacti
503 1225 583 1250 non
612 1225 661 1248 ex
691 1209 824 1260 populi
854 1223 1031 1248 sermone
1051 1209 1268 1247 mercedem
1296 1210 1363 1248 secl

134 1286 154 1315 6
173 1292 221 1317 ex
253 1278 356 1316 facto
384 1276 493 1327 petit.
552 1276 593 1313 in
622 1287 774 1313 summa
803 1287 881 1312 non
910 1273 1023 1312 facile
1050 1287 1286 1324 quemquam
1315 1287 1365 1312 ex

170 1341 257 1378 istis
276 1340 344 1390 qui
364 1338 579 1389 sapientiae
600 1337 777 1375 studium
792 1336 932 1374 habitu
947 1336 1118 1386 corporis
1138 1336 1365 1386 praeferunt

170 1405 261 1443 huic
277 1405 361 1442 viro
381 1402 636 1453 comparabis.
693 1414 772 1439 non
793 1400 952 1450 quidem
971 1400 1176 1450 gymnasia
1195 1406 1367 1438 sectatur

172 1475 241 1509 aut
260 1469 434 1520 porticus
455 1481 526 1506 nec
547 1465 884 1517 disputationibus
907 1464 1035 1515 longis
1055 1464 1222 1503 aliorum
1242 1465 1364 1503 otium

173 1546 366 1584 suumque
399 1531 580 1577 delectat,
612 1529 680 1568 sed
708 1530 750 1567 in
779 1535 871 1580 toga
898 1529 1144 1579 negotiisque
1173 1535 1365 1575 versatur,

136 1598 319 1637 7mult0s
353 1596 622 1641 advocatione,
657 1594 789 1645 plures
823 1593 985 1632 consilio
1019 1593 1140 1631 iuvat.
1216 1593 1365 1631 nemini

174 1669 306 1702 tamen
334 1663 501 1700 istorum
529 1660 721 1704 castitate,
751 1658 910 1709 pietate,
940 1657 1103 1702 iustitia,
1133 1657 1366 1696 fortitudine

175 1728 292 1767 etiam
325 1727 453 1777 primo
486 1725 570 1763 loco
604 1722 771 1762 cesserit.
841 1722 1047 1768 mirareris,
1082 1722 1114 1759 si
1147 1722 1366 1763 interesses.

174 1806 252 1843 qua
287 1791 480 1842 patientia
516 1789 617 1827 hanc
656 1788 781 1838 ipsam
818 1786 1086 1825 valetudinem
1133 1786 1284 1833 toleret,
1323 1795 1369 1824 ut

175 1857 301 1896 dolori
315 1856 483 1900 resistat,
498 1858 543 1891 ut
555 1853 662 1891 sitim
675 1852 842 1898 differat,
858 1856 902 1889 ut
915 1850 1182 1889 incredibilem
1198 1851 1369 1889 febrium

137 1929 156 1959 8
175 1920 356 1959 ardorem
375 1919 549 1956 inmotus
570 1922 807 1967 opertusque
834 1914 1090 1953 transmittat.
1162 1927 1288 1965 nuper
1307 1928 1370 1953 me

175 1997 395 2037 paucosque
415 1996 569 2021 mecum
589 1994 685 2032 quos
705 1980 875 2018 maxime
896 1979 1027 2030 diligit
1042 1978 1250 2017 advocavit
1264 1992 1371 2030 roga?

175 2051 312 2101 vitque
332 2054 377 2086 ut
392 2047 565 2086 medicos
584 2045 873 2085 consuleremus
888 2043 936 2082 de
952 2057 1104 2082 summa
1119 2043 1369 2091 valetudinis,
