1492 2469
230 234 280 271 44
727 234 764 266 C.
795 232 924 266 PLIXI

232 341 388 374 tantum
409 343 448 375 et
470 337 565 376 fides
586 346 731 385 nostra,
755 338 795 376 in
816 338 888 376 hac
909 340 1027 377 etiam
1053 339 1178 389 pietas
1199 340 1423 378 subicietur.

230 400 323 438 inde
344 407 383 439 et
402 401 501 440 liber
521 403 654 447 crevit,
677 402 771 440 dum
788 416 925 441 ornare
942 403 1111 454 patriam
1132 409 1171 442 et
1191 404 1427 455 amplificare

231 465 457 515 gaudemus,
499 467 647 517 pariter
685 472 725 505 et
763 467 981 506 defensioni
1028 468 1111 506 eius
1158 469 1351 507 servimus
1387 474 1428 506 et

191 528 214 557 4
231 529 389 579 gloriae.
454 536 499 569 tu
519 536 650 569 tamen
672 531 768 569 haec
788 533 883 582 ipsa,
906 538 1100 582 quantum
1120 533 1220 572 ratio
1241 533 1426 584 exegerit,

232 607 371 633 reseca.
446 596 628 646 quotiens
660 596 765 633 enim
798 596 848 634 ad
882 597 1086 635 fastidium
1118 597 1334 649 legentium
1366 597 1429 636 de-

232 659 420 710 liciasque
440 661 618 711 respicio,
640 661 826 711 intellego
846 661 960 699 nobis
989 662 1370 701 commendationem
1389 669 1429 700 et

191 726 215 755 ἱ)
234 736 283 761 ex
317 724 402 774 ipsa
435 725 706 763 mediocritate
740 725 830 764 libri
864 726 1085 776 petendam.
1159 727 1264 765 idem
1295 734 1428 765 tamen

233 789 301 838 qui
340 802 362 827 a
400 796 438 828 te
477 789 577 828 hanc
614 790 887 828 austeritatem
926 791 1040 841 exigo
1078 804 1194 842 cogor
1235 791 1276 829 id
1323 790 1430 841 quod

234 853 435 892 diversum
466 859 526 892 est
554 854 763 905 postulare,
798 860 843 893 ut
876 856 916 892 in
946 855 1143 906 plerisque
1173 855 1345 894 frontem
1374 868 1430 893 re-

234 918 380 956 mittas.
450 924 543 957 sunt
573 919 677 957 enim
707 921 899 969 quaedam
930 919 1241 958 adulescentium
1271 920 1430 958 auribus

236 983 379 1029 danda,
413 984 647 1034 praesertim
682 984 713 1021 si
748 985 913 1022 materia
946 998 1026 1022 non
1059 985 1299 1035 refragetur:
1339 998 1429 1022 nam

236 1048 518 1099 descriptiones
538 1048 724 1095 locorum,
747 1063 846 1099 quae
867 1049 907 1087 in
927 1049 1000 1087 hoc
1019 1049 1120 1087 libro
1146 1049 1431 1100 frequentiores

235 1119 363 1160 erunt,
380 1127 460 1152 non
475 1114 658 1152 historice
674 1121 830 1152 tantum
851 1114 919 1153 sed
940 1128 1059 1165 prope
1079 1115 1230 1165 poetice
1248 1114 1429 1165 prosequi

194 1188 217 1218 6
234 1178 292 1216 fas
313 1182 382 1216 est.
452 1178 558 1229 quod
587 1184 719 1217 tamen
749 1179 781 1217 si
811 1179 898 1229 quis
927 1179 1105 1217 extiterit
1130 1179 1199 1230 qui
1225 1184 1338 1230 putet
1359 1192 1430 1217 nos

235 1242 375 1281 laetius
401 1243 537 1281 fecisse
566 1257 685 1294 quam
715 1243 902 1281 orationis
930 1244 1116 1282 severitas
1137 1244 1280 1294 exigat,
1300 1243 1429 1290 huius,

235 1313 281 1345 ut
319 1308 375 1346 ita
413 1308 592 1356 dixerim,
634 1309 839 1346 tristitiam
877 1309 1050 1359 reliquae
1088 1315 1219 1359 partes
1267 1308 1431 1347 actionis

235 1386 397 1411 exorare
417 1373 628 1411 debebunt.
701 1373 829 1411 adnisi
857 1380 961 1412 certe
991 1387 1125 1412 sumus
1145 1379 1191 1411 ut
1215 1373 1432 1424 quamlibet

236 1437 392 1475 diversa
426 1451 569 1488 genera
602 1437 792 1476 lectorum
825 1452 894 1489 per
928 1438 1059 1489 plures
1093 1438 1251 1477 dicendi
1284 1439 1431 1489 species

193 1505 216 1538 7
236 1508 471 1549 teneremus,
489 1516 532 1541 ac
548 1503 650 1541 sicut
666 1516 848 1541 veremur
867 1516 917 1541 ne
936 1503 1172 1553 quibusdam
1191 1516 1282 1554 pars
1301 1503 1432 1553 aliqua

237 1567 451 1606 secundum
480 1581 592 1606 suam
619 1568 806 1618 cuiusque
836 1573 1019 1606 naturam
1047 1581 1127 1606 non
1155 1568 1354 1618 probetur,
1375 1567 1432 1606 ita

236 1633 418 1670 videmur
451 1646 563 1683 posse
601 1632 796 1671 confidere
829 1640 875 1670 ut
912 1632 1210 1670 universitatem
1248 1632 1431 1670 omnibus

194 1707 219 1737 -8
237 1698 406 1735 varietas
443 1697 527 1747 ipsa
558 1697 814 1735 commendet.
892 1710 983 1734 nam
1017 1702 1057 1735 et
1086 1696 1127 1734 in
1159 1696 1311 1735 ratione
1345 1710 1433 1734 con—

236 1762 444 1807 viviorum,
467 1762 646 1812 quamvis
675 1775 698 1799 a
725 1761 923 1811 plerisque
952 1761 1048 1799 cibis
1075 1761 1219 1811 singuli
1245 1766 1432 1811 tempere-

237 1840 336 1873 mus,
358 1831 484 1865 totam
506 1832 638 1864 tamen
658 1839 794 1864 cenam
822 1825 982 1864 laudare
1003 1839 1138 1864 omnes
1158 1825 1340 1866 solemus,
1360 1839 1431 1864 nec

238 1906 283 1930 ea
311 1905 410 1942 quae
440 1891 664 1929 stomachus
698 1896 833 1929 noster
864 1897 1017 1929 recusat
1050 1890 1231 1928 adimunt
1262 1890 1431 1941 gratiam

195 1967 219 1998 9
237 1957 314 1995 illis
344 1957 487 2007 quibus
516 1956 679 2006 capitur.
752 1961 870 2006 atque
899 1955 994 1993 haec
1021 1968 1092 2006 ego
1113 1954 1166 1993 sic
1186 1954 1309 2005 accipi
1328 1954 1430 2000 volo,

237 2035 317 2061 non
348 2027 551 2071 tamquam
580 2022 809 2059 adsecutum
839 2033 901 2059 me
932 2033 1014 2058 esse
1043 2019 1211 2066 credam,
1242 2019 1311 2058 sed
1337 2025 1433 2058 tam-

238 2101 353 2138 quam
385 2086 546 2137 adsequi
575 2085 858 2124 laboraverim:
888 2085 1054 2123 fortasse
1086 2097 1167 2123 non
1199 2084 1372 2130 frustra3
1399 2084 1430 2122 si
