1492 2469
188 227 237 263 24
684 224 719 258 C.
743 225 876 257 PLINI

147 328 430 368 4duissemus!
498 335 609 380 potes
643 330 870 379 apparatius
908 343 1045 368 cenare
1079 331 1182 381 apud
1216 331 1370 373 multos,

184 406 378 443 nusquam
412 393 573 431 hilarius
607 393 821 443 simplicius
859 394 1065 432 incautius.
1134 396 1173 433 in
1209 409 1370 440 summa,

184 459 371 507 experire,
406 463 445 496 et
478 459 553 496 nisi
587 465 723 508 postea
756 464 795 496 te
829 458 915 496 aliis
949 459 1080 509 potius
1114 461 1370 502 excusaveris,

184 522 281 560 mihi
302 536 455 573 semper
474 537 625 561 excusa.
684 522 780 561 vale.

720 659 828 697 XVI.

494 757 527 786 c.
549 757 718 786 PLINIUS
743 757 899 786 nucero
926 757 1006 787 suo
1032 757 1062 787 s.

211 838 253 866 In
264 837 372 873 praise
386 836 422 872 ⁰f
433 837 481 866 the
494 836 570 872 style
584 837 651 865 and
666 836 798 872 literary
813 836 896 865 work
909 836 946 873 of
957 837 1126 873 Pompeius
1140 838 1347 867 Saturninus.

148 915 161 945 l
238 908 431 946 Amabam
464 908 695 958 Pompeium
730 907 998 955 Saturninum,
1034 907 1138 946 hunc
1171 908 1258 946 dico
1290 922 1374 947 nos-

182 979 296 1020 trum,
328 972 615 1022 laudabamque
645 973 728 1010 eius
761 972 975 1022 ingenium,
1008 972 1127 1010 etiam
1161 981 1373 1022 antequam

183 1039 320 1077 scirem
341 1051 459 1088 quam
479 1038 643 1083 varium,
666 1051 784 1087 quam
812 1036 997 1083 flexibile,
1019 1050 1137 1087 quam
1164 1037 1373 1087 multiplex

183 1108 309 1142 esset:
347 1116 451 1140 nunc
479 1115 572 1140 vero
607 1108 737 1140 totum
770 1115 832 1140 me
865 1106 984 1148 tenet,
1020 1101 1149 1148 habet,
1186 1102 1369 1152 possidet.

144 1176 164 1206 2
183 1168 316 1207 audivi
340 1181 473 1206 causas
500 1174 682 1218 agentem
709 1167 850 1205 acriter
873 1171 912 1205 et
936 1166 1119 1205 ardenter
1144 1180 1214 1205 nec
1245 1168 1372 1205 minus

182 1234 303 1284 polite
333 1238 371 1271 et
400 1238 548 1279 ornate,
570 1232 651 1270 sive
681 1231 871 1270 meditata
899 1232 981 1269 sive
1010 1231 1140 1270 subita
1167 1232 1369 1282 proferret.

182 1298 326 1336 adsunt
346 1302 483 1335 acutae
504 1296 738 1346 crebraeque
765 1296 994 1342 sententiae,
1016 1297 1145 1347 gravis
1168 1302 1208 1334 et
1234 1296 1372 1335 decora

181 1361 431 1409 constructio,
453 1361 634 1399 sonantia
659 1360 779 1399 verba
807 1366 847 1399 et
876 1361 1049 1411 antiqua.
1119 1362 1251 1400 omnia
1277 1362 1372 1400 haec

179 1427 276 1465 mire
305 1426 472 1477 placent,
494 1439 583 1464 cum
610 1425 761 1475 impetu
790 1425 960 1476 quodam
989 1431 1028 1463 et
1057 1426 1217 1464 flumine
1241 1439 1373 1477 perve-

142 1497 163 1528 3
181 1492 340 1537 huntur,
371 1491 536 1541 placent,
569 1491 600 1528 si
630 1495 903 1528 retractentur.
973 1490 1118 1528 senties
1151 1490 1257 1540 quod
1287 1504 1370 1542 ego,

181 1570 265 1594 cum
302 1555 497 1594 orationes
531 1555 614 1593 eius
642 1555 683 1592 in
712 1567 852 1592 manus
881 1554 1104 1604 sumpseris,
1135 1567 1232 1604 quas
1260 1555 1371 1593 facile

180 1622 342 1660 cuilibet
374 1627 562 1667 veterum,
596 1632 765 1669 quorum
799 1623 858 1657 est
891 1618 1079 1666 aemulus,
1115 1619 1367 1669 comparabis.

140 1698 160 1727 4
179 1686 284 1724 idem
312 1691 444 1723 tamen
464 1684 505 1722 in
524 1684 690 1722 historia
710 1683 832 1734 magis
859 1683 1074 1722 satisfaciet
1092 1683 1155 1721 vel
1175 1684 1370 1723 brevitate

178 1751 239 1789 vel
259 1750 343 1788 luce
368 1748 432 1787 vel
458 1748 653 1786 suavitate
673 1747 736 1786 vel
763 1747 972 1798 splendore
999 1747 1118 1786 etiam
1139 1753 1179 1786 et
1199 1748 1370 1786 sublimi-

177 1822 258 1854 tate
301 1813 498 1852 narrandi.
575 1826 668 1851 nam
706 1813 748 1850 in
786 1812 1036 1850 contionibus
1074 1812 1180 1851 idem
1218 1813 1286 1863 qui
1329 1814 1369 1851 in

177 1878 420 1918 orationibus
466 1883 536 1924 est,
578 1877 748 1927 pressior
785 1882 918 1915 tamen
962 1883 1002 1915 et
1042 1876 1370 1928 circumscriptior

138 1954 157 1984 5
176 1950 216 1982 et
235 1942 451 1982 adductior.
519 1947 722 1992 praeterea
740 1941 835 1979 facit
860 1954 1006 1987 versus
1033 1941 1166 1991 quales
1191 1941 1369 1980 Catullus

175 2014 244 2048 aut
265 2007 418 2047 Calvus
488 2012 681 2056 quantum
700 2005 778 2043 illis
801 2005 956 2055 leporis,
979 2004 1212 2051 dulcedinis,
1233 2006 1369 2044 amari—

174 2073 337 2119 tudinis,
359 2071 519 2110 amoris!
549 2071 688 2109 inserit
708 2083 811 2117 sane,
829 2070 898 2109 sed
918 2069 1012 2108 data
1032 2083 1160 2118 opera.
1182 2070 1368 2109 mollibus
