1492 2469
195 202 244 240 46
692 199 729 230 C.
751 197 883 229 PLINI

195 303 329 355 amicis
351 304 458 352 (nam
488 301 682 354 gradatim
715 301 859 338 amicos
888 299 1035 351 habet),
1057 299 1164 337 aliud
1194 298 1274 337 suis
1302 310 1387 336 nos-

152 374 175 405 3
195 359 344 419 trisque
382 368 545 406 libertis.
621 365 905 404 animadvertit
941 364 1009 414 qui
1051 354 1147 402 mihi
1185 362 1388 414 proximus

194 433 449 472 recumbebat
482 439 521 470 et
560 445 609 470 an
647 431 854 482 probarem
887 429 1155 480 interrogavit.
1232 427 1385 478 negavi.

197 504 264 536 ‘tu
302 497 413 548 ergo'
453 497 583 546 inquit
623 501 763 546 ‘quam
802 493 1128 532 consuetudinem
1167 492 1388 543 sequerisY

198 561 357 600 ‘eadem
395 561 578 599 omnibus
625 573 760 610 pono:
807 558 854 597 ad
895 572 1030 597 cenam
1068 558 1184 602 enim,
1223 570 1302 595 non
1340 555 1388 594 ad

195 631 331 664 notam
360 626 487 663 invito
517 624 744 674 cunctisque
773 624 889 662 rebus
920 636 1095 673 exaequo
1127 635 1224 673 quos
1256 635 1391 660 mensa

154 701 177 729 4
196 697 235 728 et
264 696 351 728 toro
380 689 568 740 aequavi!
628 689 819 727 ‘etiamne
838 687 1049 726 libert0s2’
1109 687 1274 725 ‘etiam:
1304 699 1392 724 con-

196 755 364 793 victores
386 755 491 792 enim
511 760 617 799 tunc,
635 766 715 791 non
734 753 896 791 libertos
916 751 1038 802 puto.'
1085 756 1125 789 et
1144 751 1210 789 ille
1228 757 1236 772 ‘
1249 763 1390 801 magno

196 820 271 858 tibi
301 818 504 857 constatZ'
565 818 770 856 ‘minime'
820 817 909 867 ‘qui
936 816 1219 866 fieripotest2'
1277 814 1393 865 ‘quia

198 884 346 923 scilicet
375 883 507 922 liberti
539 883 615 921 mei
646 896 725 920 non
756 881 861 919 idem
895 880 1001 931 quod
1035 893 1106 931 ego
1134 880 1289 924 bibunt,
1324 879 1392 917 sed

157 957 179 987 5
198 948 304 987 idem
326 961 396 999 ego
417 946 524 998 quod
543 946 700 985 liberti]
761 952 801 984 et
821 945 978 983 hercule
999 945 1031 982 si
1050 944 1165 995 gulae
1185 949 1392 994 temperes,

199 1026 278 1051 non
305 1017 365 1051 est
393 1025 601 1050 onerosum
631 1024 708 1060 quo
737 1010 861 1048 utaris
890 1010 972 1060 ipse
1001 1009 1286 1047 communicare
1306 1021 1393 1046 cum

199 1077 388 1128 pluribus.
446 1076 514 1114 illa
542 1089 634 1126 ergo
654 1074 915 1126 reprimenda,
937 1074 1005 1112 illa
1024 1074 1135 1125 quasi
1154 1074 1196 1112 in
1216 1073 1394 1112 ordinem

200 1141 415 1192 redigenda
443 1146 512 1188 est,
536 1141 567 1178 si
597 1140 821 1190 sumptibus
849 1153 996 1190 parcaS‚
1022 1139 1164 1189 quibus
1192 1138 1395 1189 aliquanto

202 1206 347 1244 rectius
375 1211 444 1243 tua
472 1204 719 1243 continentia
748 1217 867 1254 quam
894 1203 1020 1242 aliena
1043 1203 1281 1242 contumelia
1310 1216 1397 1241 con-

162 1285 183 1315 ss
202 1271 314 1310 sulas.
386 1283 552 1320 quorsus
571 1269 695 1307 haec?
724 1282 773 1307 ne
793 1269 878 1315 tibi,
896 1269 1067 1319 optimae
1087 1268 1231 1306 indolis
1251 1268 1394 1313 iuveni,

203 1335 451 1386 quorundam
481 1335 523 1372 in
555 1347 691 1372 mensa
723 1333 881 1371 luxuria
914 1333 1040 1383 specie
1073 1324 1312 1384 frugalitatis
1342 1332 1398 1370 in-

203 1406 335 1451 ponat.
405 1399 590 1438 convenit
619 1404 753 1437 autem
782 1399 906 1437 amori
938 1398 980 1436 in
1010 1404 1050 1436 te
1080 1411 1178 1445 mco,
1214 1397 1398 1448 quotiens

203 1466 283 1504 tale
312 1464 463 1516 aliquid
491 1464 687 1511 inciderit,
710 1464 783 1502 sub
812 1463 992 1514 exemplo
1021 1476 1274 1513 praemonere
1303 1462 1398 1513 quid

166 1530 347 1575 'zdebeas
395 1529 540 1580 fugere.
616 1528 738 1579 igitur
774 1537 973 1566 memento
1010 1527 1110 1565 nihil
1155 1527 1278 1578 magis
1316 1541 1399 1565 esse

204 1594 414 1633 vitandum
447 1607 564 1644 quam
597 1593 714 1631 istam
752 1593 929 1631 luxuriae
968 1598 1007 1631 et
1044 1592 1219 1631 sordium
1256 1605 1398 1630 nov-am

206 1660 435 1698 societatem
446 1674 457 1707 3
500 1671 600 1709 quae
639 1671 728 1696 cum
766 1658 846 1696 sint
883 1657 1112 1708 turpissima
1149 1657 1319 1695 discreta
1356 1671 1401 1695 ac

205 1730 397 1775 separata,
419 1723 574 1774 turpius
594 1723 823 1774 iunguntur.
881 1722 979 1761 vale.
