1492 2469
464 240 809 273 EPISTULARUM
834 240 882 272 Π.
911 249 1000 272 xvn.
1274 241 1320 279 67

134 347 345 398 distinguit
378 355 496 397 atque
526 346 583 383 ita
615 358 768 383 omnem
804 357 943 382 sonum
976 344 1104 382 media
1133 344 1324 382 inanitate

134 411 339 450 consumit.
413 410 643 460 adplicitum
664 415 722 447 est
746 409 924 447 cubiculo
952 408 1223 459 hypocauston
1243 423 1324 459 per·
1342 421 1384 452 23

134 475 332 526 exiguum,
355 475 461 525 quod
486 479 652 525 angusta
680 474 850 511 fenestra
879 474 1125 523 suppositum
1145 473 1324 520 calorem,

134 546 179 578 ut
206 540 306 578 ratio
335 540 471 590 exigit,
503 544 571 577 aut
599 538 766 577 effundit
795 544 863 576 aut
892 538 1046 576 retinet.
1115 544 1325 588 procoeton

134 604 225 642 inde
247 612 286 642 et
307 604 528 642 cubiculum
549 603 764 654 porrigitur
783 603 822 641 in
844 603 977 650 solem,
999 617 1115 653 quem
1136 604 1326 641 orientem

133 670 269 707 statim
297 674 504 719 exceptum
535 669 637 706 ultra
665 668 869 706 meridiem
891 668 1058 706 oblicum
1079 669 1238 718 quidem
1259 669 1326 707 sed

134 740 265 772 tamen
286 739 425 772 servat.
494 734 534 771 in
564 733 663 771 hanc
693 746 763 784 ego
792 732 961 771 diaetam
991 747 1077 771 cum
1104 747 1166 771 me
1186 735 1324 784 recepi,
1343 744 1384 774 24

132 798 266 837 abesse
300 799 395 836 mihi
428 798 548 836 etiam
580 811 602 836 a
640 797 733 835 villa
766 811 852 835 mea
886 798 1032 844 videor,
1063 811 1324 849 magnamque

134 864 215 901 cius
249 863 491 914 voluptatem
529 863 734 913 praecipue
770 862 1044 900 Saturnalibus
1079 863 1200 913 capio,
1238 877 1325 901 cum

133 928 283 978 reliqua
303 942 391 978 pars
411 928 505 965 tecti
526 927 684 965 licentia
710 927 863 964 dierum
884 927 1071 977 festisque
1092 927 1326 965 clamoribus

133 998 338 1042 personat:
369 1005 459 1030 nam
476 1005 545 1030 uec
561 992 643 1041 ipse
660 1004 832 1029 meorum
850 991 998 1029 lusibus
1015 1005 1085 1029 nec
1105 992 1163 1029 illi
1184 993 1325 1030 studiis

133 1057 229 1095 meis
259 1057 502 1106 obstrepunt.
575 1056 668 1094 haec
697 1056 859 1103 utilitaS,
893 1056 987 1094 haec
1017 1057 1233 1095 amoenitas
1263 1057 1325 1095 de-
1343 1067 1384 1097 25

134 1122 260 1159 ficitur
275 1134 376 1171 aqua
395 1120 562 1167 salienti,
580 1120 648 1159 sed
668 1128 806 1171 puteos
823 1134 864 1158 ac
881 1121 1012 1171 potius
1032 1122 1161 1160 fontes
1182 1122 1301 1161 habet
1319 1139 1326 1161 ε

132 1191 224 1223 sunt
251 1185 356 1223 enim
384 1185 424 1222 in
455 1198 620 1222 summo.
690 1191 729 1223 ot
756 1186 915 1223 omnino
942 1185 1068 1224 litoris
1094 1186 1201 1225 illius
1227 1188 1326 1226 mira

132 1256 295 1288 natura:
326 1263 569 1300 quocumque
598 1249 682 1288 loco
712 1250 881 1288 moveris
910 1250 1083 1298 humum,
1118 1252 1256 1290 obvius
1286 1259 1326 1291 et

132 1319 292 1364 paratus
322 1328 433 1352 umor
467 1314 647 1360 occurrit,
678 1314 789 1364 isque
819 1315 991 1352 sincerus
1025 1330 1067 1354 ac
1102 1330 1151 1354 ne
1185 1316 1325 1355 leviter

131 1378 289 1429 quidem
320 1385 431 1416 tanta
454 1379 571 1416 maris
592 1379 795 1417 vicinitate
822 1387 1039 1430 corruptus.
1110 1389 1325 1431 suggerunt
1343 1392 1384 1422 -26

131 1443 292 1481 adfatiin
310 1443 417 1493 ligna
432 1443 633 1492 proximae
648 1443 769 1481 silvae
787 1459 793 1481 :
823 1450 970 1482 ceteras
987 1445 1117 1494 copias
1133 1446 1326 1485 Ostiensis

131 1506 284 1545 colonia
303 1507 512 1544 ministrat.
563 1507 666 1557 frugi
687 1507 848 1557 quidem
869 1508 1018 1546 homini
1041 1511 1182 1548 sufficit
1203 1512 1323 1550 etiam

131 1571 240 1609 vicus
270 1584 387 1621 quem
417 1584 496 1609 una
521 1571 614 1609 villa
643 1571 853 1610 discernit:
884 1573 924 1610 in
944 1573 1016 1612 hoc
1038 1575 1191 1614 balinea
1214 1577 1326 1615 meri-

132 1636 233 1674 toria
253 1635 338 1681 tria,
361 1649 503 1686 magna
531 1636 799 1683 commoditas,
823 1637 853 1674 si
876 1637 976 1675 forte
996 1639 1194 1677 balineum
1219 1641 1325 1679 domi

132 1700 193 1738 vel
223 1701 376 1738 subitus
405 1700 598 1738 adventus
627 1701 689 1739 vel
720 1701 876 1739 brevior
901 1716 1010 1741 mora
1036 1704 1222 1744 calfacere
1249 1706 1325 1745 dis-

131 1765 302 1804 suadeat.
392 1765 486 1803 litus
533 1770 676 1803 ornant
714 1766 905 1804 varietate
951 1769 1174 1818 gratissima
1220 1784 1324 1809 nunc
1343 1778 1382 1810 27

132 1830 318 1867 continua
346 1843 450 1867 nunc
479 1830 704 1867 intermissa
734 1836 837 1868 tecta
866 1831 1059 1879 villarum,
1092 1847 1190 1883 quae
1219 1848 1324 1885 prae-

131 1898 239 1931 stant
267 1893 481 1931 multarum
510 1894 669 1932 urbium
698 1894 848 1941 faciem,
880 1895 961 1934 sive
995 1898 1092 1935 mari
1127 1899 1209 1937 sive
1239 1900 1324 1950 ipso

132 1957 245 1995 litore
266 1963 376 1995 utare
391 1972 401 2005 3
429 1957 534 2007 quod
563 1971 643 1995 non
672 1971 886 2008 numquam
916 1960 1032 2011 longa
1058 1964 1325 2013 tranquillitas

132 2021 270 2068 mollit,
298 2023 450 2072 saepius
474 2023 658 2072 frequens
684 2029 724 2061 et
748 2025 963 2063 contrarius
990 2026 1130 2065 fluctus
1151 2029 1320 2068 indurat.

131 2100 237 2125 mare
279 2100 358 2125 non
397 2100 489 2126 sane
526 2088 708 2134 pretiosis
755 2089 926 2139 piscibus
974 2091 1158 2140 abundat,
1200 2094 1323 2134 soleas
1341 2103 1382 2134 28
