1492 2469
212 242 235 277 4
709 239 747 272 C.
767 240 901 273 PLINI

756 378 850 417 IIII.

322 481 357 511 C.
377 480 548 510 PLINIUS
575 481 790 510 POMPEIAE
816 481 1053 511 CELERINAE
1078 482 1230 513 SOCRUI
1255 483 1287 513 S.

250 559 350 595 Pliny
364 560 421 588 has
435 559 502 588 been
518 559 647 595 visitiny
661 559 711 588 his
726 558 992 589 nwtlcer-in-law's
1005 561 1106 596 villas,
1124 561 1232 596 speaks
1245 561 1353 598 hisshly
1366 561 1404 597 os

212 609 259 638 the
273 612 436 638 treatment
452 609 486 638 lae
501 609 635 638 received
649 610 740 645 there,
758 610 826 638 and
841 610 953 639 invites
967 610 1022 639 her
1035 613 1064 639 to
1079 611 1151 639 visit
1164 611 1239 639 him.

176 689 190 719 1
264 679 466 728 Quantum
496 679 695 730 copiarum
715 679 756 717 in
777 679 1021 727 Ocriculano,
1043 680 1084 718 in
1112 680 1335 728 Narniensi,
1357 681 1398 719 in

212 743 436 791 Carsulano,
459 744 500 781 in
526 744 717 782 Perusino
744 749 812 782 tuo
833 747 839 781 !
868 745 909 782 in
930 744 1139 783 Narniensi
1160 758 1252 783 vero
1278 745 1398 783 etiam

209 808 417 846 balineum.
475 821 524 846 ex
552 808 729 858 epistulis
755 808 850 846 meis
880 810 988 857 (nam
1008 809 1084 847 iam
1104 809 1182 847 tuis
1203 822 1300 860 opus
1317 822 1397 847 non

172 882 192 911 2
211 873 286 924 est)
307 887 384 911 una
404 872 470 910 illa
497 873 628 911 brevis
654 878 694 911 et
722 878 836 910 vetus
862 873 1011 911 sufficit.
1069 887 1149 912 non
1178 873 1397 912 mehercule

211 944 291 976 tam
326 951 411 975 mea
441 942 534 975 sunt
564 950 662 987 quae
691 950 778 974 mea
807 942 900 975 sunt
929 951 1046 987 quam
1075 951 1174 988 quae
1202 943 1295 976 tua:
1324 937 1397 976 hoc

209 1010 342 1040 tamen
371 1001 570 1048 differunt,
595 1001 700 1052 quod
729 1001 934 1040 sollicitius
963 1007 1002 1040 et
1030 1002 1220 1040 intentius
1249 1003 1309 1040 tui
1335 1016 1399 1041 me

171 1078 192 1109 3
210 1080 325 1117 quam
354 1066 431 1104 mei
460 1066 671 1116 excipiunt.
739 1065 845 1104 idem
873 1066 1037 1105 fortasse
1066 1067 1222 1105 eveniet
1249 1067 1334 1115 tibi,
1365 1068 1398 1106 si

209 1130 366 1181 quando
415 1131 454 1168 in
492 1135 628 1169 nostra
666 1130 892 1169 deverteris.
968 1131 1073 1181 quod
1110 1131 1229 1170 velim
1266 1132 1397 1180 facias,

208 1196 380 1246 primum
412 1200 458 1232 ut
491 1194 652 1245 perinde
686 1195 830 1233 nostris
863 1195 980 1233 rebus
1018 1209 1061 1233 ac
1094 1209 1164 1234 nos
1198 1197 1277 1235 tuis
1315 1210 1398 1248 per-

210 1260 359 1307 fruaris,
389 1259 531 1298 deinde
558 1264 603 1297 ut
631 1259 708 1298 mei
738 1260 1059 1310 expergiscantur
1083 1260 1306 1311 aliquando,
1327 1262 1396 1312 qui

169 1334 270 1365 4me
308 1337 440 1362 secure
478 1338 520 1362 ac
558 1337 679 1374 prope
718 1323 973 1375 neglegenter
1015 1329 1234 1374 expectant.
1305 1339 1396 1364 nam

209 1389 364 1427 mitium
399 1388 645 1426 dominorum
686 1388 791 1438 apud
828 1401 960 1427 servos
993 1389 1077 1439 ipsa
1114 1389 1396 1428 consuetudine

208 1459 336 1492 metus
375 1452 561 1491 exolescit
578 1468 588 1501 3
625 1452 868 1491 novitatibus
902 1453 1126 1491 excitantur
1162 1454 1398 1505 probarique

209 1518 377 1556 dominis
415 1531 485 1568 per
522 1517 617 1555 alios
654 1517 777 1568 magis
815 1530 932 1567 quam
965 1531 1034 1568 per
1066 1518 1170 1569 ipsos
1203 1518 1397 1557 laborant.

207 1583 305 1622 vale.

775 1711 824 1750 V.

407 1811 439 1840 C.
461 1810 632 1840 PLINIUS
657 1809 843 1838 VOCONIO
869 1809 1046 1838 ROMANO
1071 1809 1152 1839 SUO
1177 1809 1209 1839 S.

246 1896 350 1925 About
378 1897 426 1925 the
453 1894 644 1924 well-ltnown
668 1893 793 1923 delator
819 1893 866 1922 M.
896 1893 1044 1930 Reyulus,
1072 1894 1215 1923 omnium
1243 1893 1395 1932 bipedum

207 1954 430 1982 nequlss1mus.

169 2033 188 2065 1
261 2015 458 2054 Vidistine
479 2027 715 2065 quemquam
737 2014 791 2051 M.
809 2013 960 2064 Regulo
980 2013 1220 2052 timidiorem
1240 2013 1395 2052 humili-

208 2094 315 2120 orem
338 2085 427 2130 post
453 2078 672 2117 Domitiani
699 2083 862 2116 mortem
884 2079 897 2115 2
930 2078 1002 2116 sub
1028 2091 1106 2128 quo
1134 2091 1213 2117 non
1241 2079 1403 2117 minora·
