1492 2469
152 216 203 253 62
652 214 686 246 C.
713 214 841 246 PLINI

691 335 801 374 XVI.

445 423 479 452 e.
500 422 670 452 PLINIUS
694 421 890 450 ANNIANO
915 421 996 451 suo
1021 422 1052 452 s.

191 491 365 520 Annianus
391 490 448 519 has
475 490 540 519 told
567 490 667 525 Pliny
698 489 765 516 that
793 488 843 517 the
869 488 1008 518 codicilli
1035 489 1072 525 of
1095 488 1266 518 Acilianus
1288 498 1342 519 are

152 541 264 577 ι’]ῖσῃαῖ,
295 541 362 569 and
388 540 509 569 advises
536 540 601 568 lzz'm
624 542 654 568 to
682 539 750 567 take
777 538 956 575 advantaqe
977 539 1012 575 of
1036 540 1085 568 tlzc
1102 539 1188 575 flaw.
1240 535 1342 574 ‘Pliny

150 589 276 626 refuses,
293 591 407 626 sctytz'nq
421 590 487 618 that
502 590 538 619 he
549 589 670 626 prefers
691 591 721 617 ιο
741 588 859 619 observe
874 589 922 618 che
935 590 1031 625 spirit
1046 589 1082 625 of
1092 589 1139 618 the
1153 589 1227 625 will,
1244 590 1341 620 disre-

147 640 289 676 ⁴nardina
304 641 384 675 leslal
398 640 541 676 quibblcs.

111 715 127 744 ἰ
203 706 264 744 Tu
292 705 450 756 quidem
482 718 551 755 pro
581 710 710 743 cetera
738 711 808 743 tua
835 705 1042 756 diligentia
1067 705 1255 745 admones
1280 721 1341 745 mc

149 770 347 808 codicillos
366 770 548 817 Aciliani,
571 770 639 820 qui
659 783 721 808 me
742 783 790 808 ex
811 775 922 820 parte
951 770 1125 808 instituit
1143 770 1338 818 heredem,

148 848 218 885 pro
246 847 326 872 non
355 834 511 884 scriptis
540 833 753 881 habendos,
787 834 879 884 quia
908 847 988 872 non
1016 834 1098 872 sint
1122 835 1341 874 confirmati

105 909 131 938 ‘2
147 904 386 937 testamento
402 915 411 946 3
439 898 546 949 quod
576 899 636 936 ius
667 912 716 937 ne
747 898 844 936 mihi
873 898 1033 948 quidem
1062 899 1242 949 ignotum
1268 906 1337 946 est,

148 978 236 1002 cum
257 964 308 1001 sit
327 963 387 1001 his
408 963 525 1001 etiam
546 968 686 1002 notum
715 964 781 1013 qui
811 962 909 1001 nihil
936 963 1041 1001 aliud
1064 963 1204 1002 sciunt.
1272 964 1340 1003 sed

146 1043 218 1080 ego
247 1028 445 1079 propriam
475 1028 672 1078 quandam
701 1027 828 1079 legem
858 1027 956 1065 mihi
987 1028 1083 1074 dixi,
1109 1034 1156 1066 ut
1184 1028 1340 1067 defunc-

146 1100 278 1132 torum
316 1093 552 1139 voluntates,
593 1093 746 1131 etiamsi
788 1092 873 1131 iure
920 1093 1192 1139 deficerentur,
1229 1096 1339 1144 quasi

148 1159 338 1209 perfectas
394 1163 533 1196 tuerer.
620 1162 775 1196 constat
822 1163 953 1195 autem
1000 1157 1198 1196 codicillos
1243 1159 1339 1197 istos

110 1234 129 1264 3
147 1223 317 1262 Aciliani
355 1236 473 1260 manu
514 1222 689 1272 scriptos.
765 1222 857 1260 licet
895 1235 986 1272 ergo
1024 1235 1103 1260 non
1141 1223 1222 1260 sint
1253 1236 1338 1261 con-

146 1288 291 1326 firmati
310 1292 560 1334 testamento,
582 1300 604 1324 a
623 1300 685 1324 me
704 1291 837 1324 tamen
857 1292 902 1324 ut
922 1287 1143 1324 confirmati
1162 1287 1338 1325 observa-

107 1363 128 1391 4
146 1352 305 1397 buntur,
326 1351 557 1401 praesertim
584 1364 671 1388 cum
698 1350 864 1388 delatori
890 1349 998 1388 locus
1017 1339 1178 1389 nonsit.
1247 1365 1337 1390 nam

142 1417 178 1455 si
216 1415 433 1454 verendum
471 1419 574 1452 esset
611 1427 659 1452 ne
693 1413 798 1464 quod
833 1427 902 1464 ego
937 1413 1133 1453 dedissem
1170 1415 1337 1465 populus

141 1481 327 1532 eriperet,
349 1479 596 1518 cunctantior
614 1479 779 1516 fortasse
799 1483 839 1517 et
858 1478 1008 1517 cautior
1028 1492 1109 1517 esse
1130 1479 1336 1519 deberem:

141 1560 234 1584 eum
254 1558 347 1584 vero
366 1544 482 1583 liceat
502 1543 638 1582 heredi
659 1543 804 1582 donare
825 1542 931 1593 quod
951 1543 992 1581 in
1012 1543 1231 1582 hereditate
1251 1545 1336 1583 sub-

143 1611 258 1658 sedit,
281 1610 380 1648 nihil
401 1615 460 1648 est
480 1609 586 1659 quod
607 1608 737 1647 obstet
757 1608 814 1646 illi
838 1621 946 1647 meae
966 1608 1054 1659 legi,
1076 1608 1138 1646 cui
1158 1609 1335 1659 publicae

143 1676 249 1727 leges
269 1688 348 1714 non
368 1678 601 1725 repugnant.
660 1673 756 1711 vale.

669 1770 800 1808 XVII.

467 1858 499 1887 C.
520 1856 692 1887 PLINIUS
718 1856 853 1886 GALLO
880 1855 960 1885 SUO
986 1856 1016 1886 S.

346 1928 374 1955 Α
392 1925 581 1961 description
595 1924 631 1960 of
642 1922 768 1959 Pliny’s
780 1923 1021 1952 Laurentinian
1041 1923 1136 1953 Villa.

105 2001 118 2030 J
198 1992 354 2031 Miraris
391 2004 459 2029 cur
495 2003 557 2028 me
594 1990 880 2028 Laurentinum
920 1989 993 2037 vel,
1034 1990 1065 2028 si
1102 1990 1159 2028 ita
1195 1991 1329 2036 mavis,

143 2058 316 2096 Laurens
344 2069 475 2094 meum
503 2059 616 2093 tanto
646 2067 762 2105 opere
791 2053 982 2092 delectet:
1011 2054 1164 2093 desines
1184 2055 1328 2101 mirari,
