1492 2469
190 209 238 245 32
684 207 710 239 C
743 207 874 239 PLINI

188 325 265 349 non
305 312 406 349 enim
447 316 651 361 amputata
689 312 813 349 oratio
852 318 891 349 et
930 312 1079 350 abscisa
1117 313 1184 351 sed
1218 313 1300 351 lata
1336 318 1377 352 et

188 376 394 425 magnifica
422 382 462 414 et
490 375 642 414 excelsa
670 380 793 423 tonat,
825 376 1010 426 fulgurat,
1042 377 1173 415 omnia
1206 378 1376 428 denique

187 441 393 490 perturbat
430 454 473 478 ac
511 441 658 478 miscet.
735 441 907 490 optimus
951 448 1084 479 tamen
1129 442 1267 480 modus
1304 447 1372 480 est.

127 516 168 547 :20
186 505 273 554 quis
302 507 445 555 negat?
476 504 544 542 sed
574 518 653 542 non
682 505 811 542 miuus
840 518 919 543 11011
953 510 1084 544 servat
1116 506 1276 544 modum
1307 506 1375 556 qui

185 569 287 606 infra
306 582 387 607 rem
415 582 532 619 quam
561 569 629 619 qui
658 583 786 619 supra,
809 569 877 619 qui
906 569 1133 608 adstrictius
1161 583 1279 620 quam
1308 571 1375 620 qui

126 645 163 674 21
186 634 344 671 effusius
373 633 479 671 dicit.
539 634 673 683 itaque
699 633 811 671 audis
832 634 1059 684 frequenter
1087 639 1131 672 ut
1159 634 1255 672 illud
1287 634 1376 672 ‘im-

185 697 336 736 modice
365 703 405 736 et
433 697 720 735 redundanter'
752 698 807 735 ita
837 698 909 736 hoc
947 698 1096 736 ‘ieiune
1126 703 1166 736 et
1198 698 1375 737 infirme.'

184 762 283 800 alius
313 762 523 800 excessisse
552 762 768 807 materiam,
790 762 889 800 alius
916 761 1061 800 dicitur
1088 776 1167 801 non
1193 763 1370 813 inplesse.

184 839 306 877 aeque
353 832 528 876 uterque,
576 826 644 864 sed
690 826 755 865 iste
801 826 1069 873 inbecillitate,
1116 827 1178 864 hic
1225 827 1375 865 viribus

184 895 317 941 peccat
331 906 342 939 3
370 890 476 941 quod
496 895 611 936 certe,
633 891 707 929 etsi
727 904 806 928 non
826 891 1043 937 limatioris,
1064 891 1222 930 maioris
1241 897 1373 930 tamen

123 968 165 997 22
184 955 331 1006 ingenii
360 955 503 993 vitium
533 962 601 993 est.
674 968 746 993 nec
775 969 878 1001 vero,
900 969 988 993 cum
1017 956 1112 994 haec
1140 956 1240 1002 dico,
1262 956 1373 994 illum

185 1019 439 1057 Homericum
460 1020 666 1069 ἀμετροεπῆ
687 1020 820 1069 probo,
843 1020 910 1058 sed
931 1020 1033 1058 hunc

344 1094 407 1132 καὶ
428 1094 512 1132 ἔπεα
534 1096 757 1143 νιφάδεσσιν
779 1095 926 1132 ἐοικότα
947 1096 1192 1145 χειμερίῃσιν·

183 1191 260 1216 11011
282 1177 373 1228 quia
393 1191 471 1215 non
493 1183 532 1215 et
551 1177 616 1215 ille
637 1177 732 1214 mihi
754 1176 993 1215 validissime
1013 1177 1175 1227 placeat,

341 1257 465 1307 παῦρα
484 1257 562 1307 μὲν,
584 1258 690 1295 ἀλλὰ
709 1258 816 1307 μάλα
837 1257 985 1308 λιγέως·

182 1341 213 1378 si
251 1345 383 1378 tamen
430 1339 546 1377 detur
592 1338 740 1385 electio,
785 1338 891 1377 illam
939 1340 1157 1378 orationem
1204 1339 1371 1378 similem

181 1405 339 1442 nivibus
358 1404 544 1451 hibernis,
560 1403 601 1441 id
617 1409 676 1442 est
692 1404 865 1442 crebram
882 1409 922 1442 et
937 1404 1139 1442 adsiduam
1156 1410 1195 1442 et
1210 1404 1368 1455 largam,

182 1475 378 1519 postremo
406 1468 582 1506 divinam
603 1473 643 1506 et
669 1468 884 1515 caelestem,
914 1468 1014 1506 volo.
1073 1473 1114 1506 at
1136 1473 1196 1507 est
1223 1469 1370 1519 gratior

121 1546 161 1576 23
181 1533 315 1571 multis
353 1533 477 1571 oratio
515 1532 658 1571 brevis.
732 1538 802 1579 est,
847 1532 916 1570 sed
951 1533 1156 1580 inertibus,
1202 1546 1370 1584 quorum

179 1597 338 1636 delicias
366 1597 634 1646 desidiamque
663 1596 775 1646 quasi
802 1596 991 1635 iudicium
1020 1597 1211 1647 respicere
1231 1597 1369 1635 ridicu-

178 1662 260 1700 lum
281 1666 351 1700 est.
418 1674 508 1699 nam
538 1661 570 1698 si
599 1660 670 1698 hos
698 1660 739 1698 in
769 1661 929 1699 consilio
958 1661 1112 1707 habeas,
1133 1674 1213 1699 non
1242 1661 1368 1699 solum

178 1727 301 1765 satius
334 1732 392 1764 est
430 1726 603 1765 breviter
640 1726 768 1764 dicere
805 1725 873 1764 sed
912 1725 1072 1763 omnino
1109 1739 1189 1764 non
1226 1725 1364 1764 dicere.

118 1804 159 1833 -24
178 1792 271 1830 haec
319 1795 378 1830 est
420 1790 549 1829 adhuc
587 1790 785 1829 sententia
821 1803 918 1837 mea,
958 1803 1076 1840 quam
1122 1791 1295 1837 mutabo,
1335 1791 1367 1828 si

178 1855 406 1894 dissenseris
426 1860 483 1902 tu,
505 1855 573 1893 sed
601 1855 717 1906 plane
747 1867 815 1892 cur
834 1854 1042 1892 dissentias
1071 1854 1241 1904 explices
1260 1868 1363 1905 rogo.

177 1920 356 1971 quamvis
376 1920 480 1958 enim
500 1919 635 1958 cedere
659 1919 884 1957 auctoritati
910 1923 1001 1956 tuae
1027 1918 1201 1965 debeam,
1223 1919 1366 1957 rectius

176 1993 309 2023 tamen
340 1984 509 2023 arbitror
537 1985 577 2021 in
606 1990 719 2022 tanta
747 1997 788 2021 re
816 1983 967 2021 ratione
988 1996 1105 2033 quam
1130 1983 1365 2022 auctoritate

116 2059 157 2089 25
175 2049 360 2100 superari.
435 2048 600 2095 proinde
633 2048 665 2086 si
698 2061 777 2086 non
811 2061 938 2086 errare
976 2047 1124 2095 videor,
1163 2048 1204 2086 id
1236 2048 1366 2098 ipsum
