1492 2469
394 229 738 263 EPISTULARUM
763 228 791 260 Ι.
819 236 968 260 V1111.-x.
1229 229 1275 264 15

83 337 255 375 multum
285 337 442 386 ineptos
473 335 637 381 labores,
674 341 718 371 ut
754 333 925 384 primum
963 331 1083 370 fuerit
1116 331 1275 376 occasio,

86 402 261 452 relinque
308 406 425 450 teque
468 399 608 438 studiis
645 398 709 437 vel
747 398 827 436 otio
865 397 988 435 trade.
1059 397 1181 434 satius
1219 399 1316 433 ests

85 466 201 510 enim,
236 470 282 503 ut
314 464 462 502 Atilius
498 469 633 501 noster
663 462 926 501 eruditissime
960 460 1077 498 simul
1110 466 1150 498 et
1182 460 1278 498 face—

85 531 234 569 tissime
255 529 369 577 dixit,
392 530 561 567 otiosum
581 542 663 566 esse
685 541 801 578 quain
823 526 922 564 nihil
941 539 1066 577 agere.
1124 525 1221 563 vale.

656 664 704 703 X.

299 764 334 794 C.
354 763 524 792 PLINIUS
548 762 674 791 ΑΤΤΙΟ
700 761 914 791 CLEMENTI
939 760 1019 790 SUO
1045 760 1077 790 S.

307 844 335 871 A
355 842 526 878 pancssyric
540 850 579 869 οη
595 841 642 870 the
653 841 853 876 philosopher
867 840 1054 876 Euphrates.

141 913 183 951 Si
212 912 368 963 quando
402 912 494 949 urbs
529 917 664 950 nostra
696 911 923 949 liberalibus
957 911 1098 948 studiis
1132 911 1311 954 floruit]

87 991 191 1015 nunc
209 977 379 1015 maxime
408 977 529 1014 floret.
588 975 713 1013 multa
741 975 920 1025 claraque
950 975 1130 1025 exempla
1158 982 1252 1013 sunt
1269 990 1279 1022 3
1296 981 1316 1010 2

87 1042 280 1079 sufficeret
308 1054 442 1087 unum,
474 1040 696 1090 Euphrates
729 1039 995 1090 philosophus.
1074 1039 1178 1077 hunc
1207 1053 1278 1090 ego

87 1106 127 1143 in
162 1105 288 1156 Syria,
323 1119 412 1143 cum
447 1104 763 1142 adulescentulus
796 1104 1018 1151 militarem,
1051 1104 1210 1154 penitus
1240 1111 1279 1142 et

85 1170 193 1208 domi
221 1170 375 1220 inspexi
404 1169 605 1219 amarique
632 1169 680 1206 ab
705 1181 749 1206 eo
776 1168 962 1214 laboravi,
984 1168 1059 1206 etsi
1086 1181 1166 1206 non
1196 1174 1279 1206 erat

88 1233 356 1272 laborandum.
430 1239 490 1271 est
521 1234 625 1271 enim
659 1233 798 1271 obvius
827 1238 867 1271 et
895 1233 1099 1284 expositus
1126 1233 1280 1283 plenus-

86 1312 162 1349 que
190 1298 439 1336 humanitate
469 1311 587 1347 quam
616 1296 818 1347 praecipit.
894 1302 1012 1347 atque
1042 1297 1197 1335 utinam
1225 1299 1279 1336 sic
1297 1304 1317 1333 3

86 1364 168 1414 ipse
189 1377 305 1413 quam
327 1376 436 1413 spem
456 1368 550 1400 tunc
570 1362 636 1400 ille
657 1362 705 1400 de
728 1375 790 1400 me
815 1363 994 1412 concepit
1021 1362 1279 1413 impleverim,

87 1434 131 1466 ut
149 1428 215 1466 ille
235 1427 406 1465 multum
426 1427 640 1465 virtutibus
667 1427 746 1465 suis
771 1426 948 1465 addidit!
979 1433 1047 1466 aut
1075 1441 1146 1478 ego
1175 1442 1279 1467 nunc

86 1492 173 1530 illas
195 1492 321 1542 magis
349 1491 480 1538 miror,
502 1491 595 1541 quia
622 1491 745 1542 magis
774 1492 971 1543 intellego.
1041 1506 1279 1543 quamquam

86 1570 136 1595 ne
154 1570 260 1594 nunc
280 1556 439 1606 quidem
459 1557 554 1594 satis
574 1555 771 1606 intellego.
847 1562 891 1594 ut
920 1557 1024 1594 enim
1054 1557 1102 1596 de
1131 1558 1279 1608 pictore
1297 1567 1317 1595 4

86 1621 281 1672 scalptore
302 1622 435 1659 fictore
462 1621 539 1658 nisi
563 1621 706 1659 artifex
731 1620 913 1668 iudicare,
936 1621 992 1659 ita
1020 1622 1097 1660 nisi
1125 1623 1280 1674 sapiens

86 1700 166 1725 non
198 1691 328 1736 potest
360 1686 581 1736 perspicere
619 1685 847 1736 sapientem.
917 1692 1109 1737 quantum
1147 1692 1318 1727 tamens)

87 1750 183 1788 mihi
203 1763 359 1788 cernere
379 1749 506 1796 datur,
529 1750 653 1787 multa
672 1750 713 1787 in
734 1750 937 1800 Euphrate
964 1751 1017 1789 sic
1044 1752 1221 1791 eminent
1241 1761 1282 1792 et

87 1814 244 1853 elucent
272 1821 317 1852 ut
351 1814 603 1853 mediocriter
640 1828 797 1864 quoque
831 1815 967 1853 doctos
1000 1816 1212 1856 advertant
1241 1826 1281 1857 et

87 1879 282 1917 adficiaut.
351 1879 531 1929 disputat
569 1879 770 1918 subtiliter
806 1881 981 1930 graviter
1022 1887 1170 1929 ornate,
1210 1884 1284 1922 fre-

87 1948 253 1994 quenter
298 1945 417 1982 etiam
466 1944 711 1982 Platonicam
757 1944 865 1982 illam
911 1946 1195 1985 sublimitatem
1243 1955 1282 1987 et·

87 2007 338 2046 latitudinem
370 2009 529 2059 effingit.
602 2022 728 2047 sermo
763 2015 822 2047 est
856 2010 1035 2060 copiosus
1067 2017 1107 2050 et
1136 2014 1279 2061 varius,

87 2072 212 2110 dulcis
246 2073 287 2110 in
324 2073 474 2123 primis,
511 2078 551 2111 et
579 2074 647 2123 qui
682 2075 937 2124 repugnantis
972 2089 1129 2127 quoque
1163 2077 1283 2116 ducat
