1492 2469
412 246 753 278 EPIsTULARUM
772 246 799 278 I.
828 255 951 277 lun-v,
1255 248 1276 283 5

93 351 242 402 flagitia
270 351 518 389 commiserat
546 364 663 401 quam
693 350 765 387 sub
799 350 967 396 Nerone,
999 349 1067 388 sed
1101 349 1275 387 tectima.

91 416 220 466 coepit
252 415 378 454 vereri
411 428 459 454 ne
490 415 564 453 sibi
603 415 788 453 irascerer
805 429 814 461 3
851 427 921 452 nec
954 413 1172 460 fallebatur,
1208 413 1278 451 ira-

92 480 232 519 scebar.
293 479 446 518 Rustici
484 479 648 517 Aruleni
681 478 898 529 periculum
932 478 1094 525 foverat,
1131 477 1278 516 exulta·
1298 486 1317 516 2

92 549 203 583 verat
235 550 370 591 morte,
404 544 501 582 adeo
529 548 574 581 ut
596 543 740 581 librum
766 543 948 581 recitaret
970 542 1277 592 publicaretque,

92 609 133 646 in
161 622 238 659 quo
271 609 478 647 Rusticum
512 608 727 646 insectatur
759 612 878 657 atque
908 607 1028 645 etiam
1058 606 1277 645 Stoicorum

92 673 244 711 simiam
261 673 433 723 appellat
442 688 451 721 3
470 672 592 710 adicit
607 671 823 710 Vitelliana
838 671 1015 710 cicatrice
1031 671 1275 722 stigmosum.

91 738 268 788 agnoscis
316 737 580 787 eloquentiam
623 736 776 786 Reguli.
852 735 996 774 lacerat
1034 735 1279 773 Herennium
1298 744 1318 774 3

94 802 359 849 Senecionem,
393 807 474 840 tam
509 802 819 851 intemperanter
855 800 1015 850 quidem
1052 805 1098 838 ut
1135 800 1281 838 dixerit

90 867 128 905 ei
149 867 295 905 Metius
320 866 443 905 Carus
465 870 473 886 ‘
489 865 586 916 quid
613 865 687 904 tibi
714 879 802 903 cum
827 865 924 903 meis
950 865 1144 903 mortuis2
1172 878 1281 902 num-

93 931 188 980 quid
208 945 278 982 ego
305 931 445 970 Crasso
472 936 539 968 aut
567 930 774 968 Camerino
801 929 988 967 molestus
1015 943 1101 967 sum
1120 930 1154 967 2'
1182 943 1280 979 quos

92 996 157 1034 ille
203 996 275 1034 sub
321 995 479 1034 Nerone
521 999 780 1033 accusaverat.
856 994 951 1032 haec
998 1007 1059 1031 me
1107 993 1280 1044 Regulus
1297 1003 1318 1032 4

91 1060 273 1098 dolenter
292 1060 430 1098 tulisse
450 1059 645 1107 credebat,
662 1058 830 1109 ideoque
850 1059 966 1097 etiam
990 1072 1076 1096 cum
1097 1059 1281 1097 recitaret

91 1124 246 1172 librum,
287 1138 367 1163 non
405 1124 649 1162 adhibuerat.
720 1129 922 1174 praeterea
958 1123 1282 1161 reminiscebatur

91 1202 209 1239 quam
238 1189 460 1239 capitaliter
487 1189 617 1239 ipsum
645 1202 706 1226 me
736 1188 841 1238 apud
870 1188 1136 1226 centumviros
1165 1188 1281 1227 laces-

91 1255 215 1292 sisset.
292 1253 449 1291 aderam
487 1253 733 1300 Arrionillae,
768 1253 944 1291 Timonis
978 1252 1102 1299 uxori,
1138 1259 1318 1303 rogatu5

92 1317 257 1356 Aruleni
278 1317 457 1365 Rustici,
485 1317 659 1367 Regulus
686 1322 832 1355 contra.
890 1316 1114 1354 nitebamur
1142 1330 1212 1355 nos
1239 1318 1280 1355 in

91 1389 203 1433 parte
241 1396 377 1421 causae
416 1383 612 1421 sententia
648 1382 750 1420 Meti
786 1382 972 1429 Modesti,
1007 1382 1145 1432 optimi
1180 1383 1280 1421 viri:

91 1447 125 1485 is
153 1452 248 1485 tunc
277 1448 317 1484 in
346 1446 465 1485 exilio
494 1452 588 1494 erat,
614 1460 636 1484 a
660 1446 890 1484 Domitiano
919 1446 1125 1496 relegatus.
1195 1460 1281 1485 ecce

91 1511 166 1550 tibi
210 1511 385 1562 Regulus
430 1512 619 1561 ‘quaero'
661 1511 802 1561 inquit,
844 1517 852 1532 ‘
870 1511 1056 1558 Secunde,
1098 1511 1193 1561 quid
1231 1512 1280 1550 de

92 1575 276 1614 Modesto
306 1575 476 1614 sentias.'
544 1575 653 1614 vides
680 1575 786 1626 quod
811 1575 1039 1626 periculum,
1068 1576 1099 1613 si
1125 1589 1281 1627 respon-

94 1640 240 1679 dissem
261 1641 400 1688 ‘bene,'
421 1640 529 1690 quod
548 1640 752 1690 flagitium,
771 1641 804 1678 si
826 1639 966 1678 ‘male'
1021 1654 1101 1678 non
1120 1654 1280 1691 possum

93 1705 224 1743 dicere
244 1704 352 1743 aliud
371 1709 465 1742 tunc
485 1704 582 1742 mihi
602 1713 719 1754 quam
739 1704 833 1743 deos
853 1705 1035 1744 adfuisse.
1100 1709 1109 1726 ‘
1124 1719 1281 1756 respon-

92 1769 217 1808 debo'
239 1770 401 1820 inquam
423 1774 431 1789 ‘
448 1769 480 1807 si
506 1769 554 1807 de
580 1769 653 1807 hoc
677 1770 912 1807 centumviri
932 1769 1143 1808 iudicaturi
1164 1774 1278 1809 sunt.'

92 1847 226 1873 rursus
254 1834 319 1872 ille
341 1838 502 1884 ‘quaero
522 1833 618 1883 quid
638 1833 686 1872 de
706 1833 889 1872 Modesto
911 1834 1080 1872 sentias)
1135 1835 1279 1874 iterum
1297 1848 1317 1878 6

90 1912 163 1949 ego
185 1898 387 1936 ‘solebant
415 1903 534 1936 testes
563 1898 604 1935 in
633 1911 729 1944 reOS‚
750 1911 831 1936 non
859 1898 899 1936 in
928 1898 1135 1937 damnatos
1162 1900 1281 1938 inter—

94 1963 247 2013 rogari)
303 1963 420 2000 tertio
449 1962 515 2000 ille
543 1966 551 1982 ‘
568 1975 647 2000 non
676 1962 754 2000 iam
782 1962 877 2012 quid
906 1962 955 2000 de
984 1963 1178 2011 Modesto,
1210 1964 1279 2002 sed

91 2026 189 2076 quid
218 2026 265 2064 de
294 2026 441 2076 pietate
469 2026 643 2064 Modesti
668 2027 836 2064 sentias.’
894 2027 1089 2076 ‘quaeris’
1118 2028 1279 2078 inquam
1298 2033 1316 2066 7

41 2094 45 2099 '
97 2090 216 2141 ‘quid
249 2091 441 2129 sentiam:
485 2096 525 2128 at
559 2104 630 2141 ego
663 2104 712 2129 ne
749 2091 989 2142 interrogare
1028 2091 1188 2142 quidem
1221 2093 1279 2131 fas
