1492 2469
186 214 235 250 30
682 213 719 246 C.
741 213 872 245 PLINI

183 317 289 355 aliud
328 317 463 356 oratio.
537 318 615 356 scio
650 331 727 356 non
767 318 884 355 nullis
921 318 976 356 ita
1014 317 1151 365 videri,
1184 318 1252 357 sed
1290 331 1372 370 ego,

182 381 346 420 forsitan
385 382 507 428 fallar,
549 395 775 432 persuasum
816 382 943 420 habeo
982 396 1092 432 posse
1130 383 1213 421 fieri
1246 388 1291 421 ut
1323 384 1375 421 sit

183 446 283 484 actio
312 446 415 484 bona
443 460 542 496 quae
571 459 649 484 non
679 447 730 484 sit
759 447 861 484 bona
889 447 1025 493 oratio,
1047 461 1126 485 non
1155 460 1266 497 posse
1294 460 1374 485 non

182 511 325 549 bonam
345 511 539 549 actionem
561 524 642 549 esse
664 524 762 561 quae
783 511 834 548 sit
860 511 962 549 bona
991 512 1126 549 oratio.
1181 516 1243 550 est
1269 512 1373 550 enim

127 583 164 613 lo
183 575 306 613 oratio
327 575 490 613 actionis
512 575 711 625 exemplar
738 580 777 613 et
803 576 913 625 quasi
942 575 1165 625 ἀρχέτυπον.
1223 576 1312 615 ideo
1332 577 1374 614 in
1411 602 1414 605 Δ

180 639 332 689 optima
352 652 506 690 quaque
526 639 632 677 mille
661 640 804 690 figuras
833 640 1118 690 extemporales
1138 640 1372 688 invenimus,

181 703 223 741 in
243 704 290 741 iis
312 704 431 741 etiam
452 717 548 753 quas
567 709 725 742 tantum
746 704 870 742 editas
897 704 1050 750 scimus,
1072 709 1117 742 ut
1136 705 1176 742 in
1196 704 1371 752 Verrem,

184 768 397 806 ‘artificem
427 769 574 818 quem?
608 771 847 818 quemnam?
880 774 983 807 recte
1013 769 1222 807 admones:
1260 768 1371 818 Poly-

180 833 319 871 clitum
359 845 441 870 esse
480 832 688 870 dicebant.'
761 833 939 883 sequitur
977 846 1068 883 ergo
1106 838 1150 871 ut
1188 833 1290 871 actio
1323 833 1374 871 sit

181 897 471 936 absolutissima
509 910 607 947 quae
645 898 815 935 maxime
854 897 1041 935 orationis
1075 897 1373 935 similitudinem

182 962 429 1013 expresserit,
474 962 505 999 si
553 962 669 1000 modo
716 962 863 1000 iustum
912 968 951 1000 et
998 962 1171 1000 debitam
1217 967 1374 1011 tempus

183 1027 372 1077 accipiat;
415 1026 521 1076 quod
559 1026 590 1064 si
628 1031 805 1077 negetur,
841 1026 949 1064 nulla
987 1027 1164 1072 oratoris,
1203 1026 1374 1064 maxima

125 1107 159 1136 ll
184 1092 323 1130 iudicis
351 1091 466 1142 culpa
494 1096 563 1129 est.
636 1091 781 1129 adsunt
810 1091 899 1128 huic
929 1091 1103 1141 opinioni
1127 1104 1236 1129 meae
1255 1090 1370 1141 leges,

183 1170 282 1207 quae
311 1156 537 1206 longissima
570 1160 748 1205 tempora
781 1155 1004 1205 largiuntur
1035 1169 1105 1193 nec
1138 1155 1373 1194 brevitatem

183 1221 405 1259 dicentibus
435 1220 502 1258 sed
532 1220 695 1270 copiam,
716 1219 789 1258 hoc
818 1224 877 1258 est
905 1219 1149 1270 diligentiam
1181 1219 1372 1267 suadent,

182 1299 300 1336 quam
320 1289 518 1335 praestare
539 1284 614 1322 nisi
633 1285 675 1322 in
695 1284 982 1334 angustissimis
998 1284 1124 1322 causis
1143 1297 1223 1322 non
1242 1289 1374 1334 potest

126 1363 164 1392 12
183 1350 368 1388 brevitas.
439 1348 605 1386 adiciam
639 1348 745 1398 quod
783 1361 844 1386 me
878 1348 1012 1386 docuit
1045 1361 1151 1393 usus,
1187 1349 1374 1399 magister

184 1415 375 1466 egregius.
451 1414 678 1464 frequenter
711 1413 783 1464 egi,
819 1413 1047 1463 frequenter
1084 1413 1264 1460 iudicavi,
1300 1413 1372 1451 fre-

182 1485 350 1531 quenter
381 1479 422 1517 in
457 1478 617 1517 consilio
650 1478 730 1516 fui:
759 1477 867 1515 aliud
897 1478 993 1516 alios
1025 1483 1168 1525 movet,
1201 1491 1243 1516 ac
1277 1477 1372 1528 pler-

182 1558 329 1595 umque
366 1557 509 1594 parvae
549 1555 608 1581 res
646 1542 837 1580 maximas
885 1542 1059 1580 trahunt.
1135 1543 1244 1580 varia
1280 1548 1372 1580 sunt

182 1609 388 1647 hominum
410 1608 563 1655 iudicia,
585 1607 715 1645 variae
735 1607 958 1645 voluntates
975 1622 981 1644 z
1009 1607 1099 1645 inde
1120 1607 1187 1656 qui
1207 1606 1371 1645 eandem

184 1687 339 1712 causam
373 1672 489 1710 simul
520 1671 742 1717 audierunt,
778 1684 892 1721 saepe
927 1671 1137 1717 diversum,
1172 1670 1372 1709 interdum

126 1748 165 1778 13
183 1739 300 1785 idem,
322 1737 391 1776 sed
411 1751 459 1775 ex
486 1737 650 1775 diversis
676 1735 796 1774 animi
823 1735 995 1773 motibus
1019 1735 1207 1773 sentiunt.
1266 1748 1372 1785 prae-

183 1810 291 1842 terea
303 1816 393 1840 suae
407 1803 571 1852 quisque
583 1800 803 1838 inventioni
815 1800 922 1838 favet
937 1805 976 1838 et
991 1799 1101 1849 quasi
1115 1799 1372 1837 fortissimum

184 1868 444 1919 amplectitur,
468 1880 555 1904 cum
584 1866 633 1904 ab
661 1865 737 1903 alio
766 1865 915 1902 dictum
944 1870 1004 1902 est
1031 1863 1137 1914 quod
1166 1864 1248 1914 ipse
1268 1877 1373 1914 prae-

185 1933 298 1971 vidit.
343 1931 524 1970 omnibus
540 1943 632 1980 ergo
647 1929 822 1967 dandum
838 1934 897 1966 est
913 1927 1061 1978 aliquid
1077 1926 1182 1977 quod
1197 1932 1368 1974 teneant,

128 2013 167 2043 14
185 1997 291 2048 quod
311 2000 534 2047 agnoscant.
591 1994 696 2032 (lixit
721 1993 934 2043 aliquando
960 1992 1056 2030 mihi
1076 1992 1261 2043 Regulus,
1284 2005 1372 2030 cum

185 2062 301 2100 simul
327 2061 560 2106 adessemus,
595 2063 603 2079 ⁶
617 2064 661 2096 tu
681 2058 812 2096 omnia
832 2070 931 2107 quae
951 2062 1043 2095 sunt
1062 2057 1103 2094 in
1123 2069 1238 2094 causa
1257 2061 1372 2107 putas
