1492 2469
367 279 703 311 EPISTULARUM
731 278 758 311 I.
786 277 988 309 xx111.—*II.
1018 287 1040 309 1.
1263 277 1311 314 37

119 397 211 422 nam
241 383 343 422 mala
372 384 521 433 emptio
551 396 704 433 semper
729 382 893 433 ingrata,
922 395 967 420 eo
997 381 1179 429 maximo,
1208 380 1313 431 quod

120 447 336 497 exprobare
363 447 571 485 stultitiam
601 445 762 484 domino
790 445 956 483 videtur.
1016 445 1056 482 in
1086 444 1158 482 hoc
1183 450 1313 482 autem
1331 445 1352 476 3

122 511 257 562 agello,
299 512 328 549 si
367 511 485 550 modo
531 510 713 549 adriserit
759 509 942 560 pretium,
981 509 1200 559 Tranquilli
1238 509 1315 547 mei

121 575 366 613 stomachum
397 575 521 613 multa
559 575 784 621 sollicitant,
815 573 996 611 vicinitas
1031 573 1148 620 urbis,
1179 586 1315 623 oppor-

122 640 271 678 tunitas
315 641 412 688 viae,
452 639 701 678 mediocritas
739 638 866 685 villae,
907 637 1047 676 modus
1094 638 1207 685 ruris,
1247 637 1315 687 qui

120 710 260 742 avocet
297 705 421 755 magis
458 718 577 755 quam
621 703 844 754 distringat.
921 702 1161 740 scholasticis
1198 702 1352 752 porro4

122 768 302 817 dominis,
337 775 383 807 ut
414 769 476 807 hic
510 774 580 816 est,
613 768 754 806 sufficit
787 767 943 806 abunde
976 773 1132 805 tantum
1167 766 1237 804 soli
1272 775 1314 805 ut

122 833 295 872 relevare
333 838 462 884 caput,
497 834 654 871 reficere
687 833 828 878 oculos,
864 837 1019 883 reptare
1048 845 1117 882 per
1149 831 1316 870 limitem

122 911 318 948 unamque
356 898 537 936 semitam
579 902 703 935 terere
751 897 954 947 omnisque
993 896 1181 934 viteculas
1227 910 1315 934 suas

124 976 237 1000 nosse
276 968 315 1000 et
352 975 557 1000 numerare
596 961 819 999 arbusculas
867 961 1029 1012 possint.
1106 961 1202 999 hacc
1240 958 1351 999 tibi5

122 1027 298 1077 exposui,
334 1040 410 1077 quo
443 1027 567 1077 magis
602 1026 718 1064 scires
754 1032 946 1076 quantum
981 1031 1082 1064 esset
1111 1026 1176 1064 ille
1204 1026 1315 1072 mihi,

122 1105 194 1141 ego
224 1092 297 1129 tibi
326 1091 540 1138 debiturus
577 1091 609 1128 si
642 1090 886 1141 praediolum
924 1091 1042 1137 istud,
1077 1090 1182 1141 quod
1217 1104 1317 1129 com—

123 1155 332 1193 mendatur
377 1155 439 1194 his
487 1155 656 1201 dotibus,
701 1160 782 1192 tam
830 1155 1039 1193 salubriter
1085 1155 1224 1194 emerit
1271 1162 1317 1193 ut

123 1221 387 1271 paenitentiae
407 1221 533 1259 locum
554 1234 633 1258 non
653 1219 859 1270 relinquat.
919 1219 1016 1258 vale.

471 1536 635 1575 LIBER
665 1537 967 1577 SECUNDUS.

702 1688 730 1726 I.

423 1773 456 1803 C.
477 1774 648 1803 PL1NIUS
672 1774 852 1803 ROMANO
878 1774 958 1804 suo
984 1775 1015 1804 s.

300 1841 339 1869 In
354 1842 462 1877 μναῖ-ἵε
475 1840 510 1875 os
527 1841 697 1877 Vergtinizcs
710 1841 816 1876 Rufus
831 1842 895 1870 who
907 1841 1038 1878 lzasjusc
1053 1843 1135 1872 died.

180 1922 276 1960 Post
295 1922 446 1973 aliquot
466 1936 588 1961 annos
608 1923 761 1974 insigne
781 1929 899 1974 atque
926 1925 1043 1962 etiam
1064 1926 1317 1965 memorabile
1339 1932 1351 1962 l

125 1986 260 2036 populi
280 1987 450 2025 Romani
478 1987 598 2026 oculis
628 1988 896 2037 spectaculum
916 1989 1098 2027 exhibuit
1117 1990 1316 2040 publicum

126 2051 244 2088 funus
262 2051 426 2102 Vergini
446 2051 547 2098 Rufi,
565 2053 727 2090 maximi
748 2057 788 2091 et
807 2053 1011 2091 clarissimi
1031 2054 1136 2101 civis,
1155 2055 1318 2105 perinde

125 2115 258 2154 felicis.
326 2116 492 2167 triginta
511 2117 624 2154 annis
643 2116 789 2167 gloriae
810 2131 900 2156 suae
923 2119 1154 2168 supervixit.
1221 2120 1318 2170 legit
1335 2128 1357 2159 2
