1492 2469
401 221 744 254 EPISTULARUM
770 220 816 252 II.
844 230 1046 252 xvnlL-xx.
1271 225 1316 261 71

132 331 242 375 parte
269 324 434 363 calculos
460 338 573 375 pone,
595 324 714 375 idque
740 324 838 375 elige
867 324 908 361 in
937 337 1015 374 quo
1040 324 1178 362 vicerit
1206 325 1318 364 ratio.

132 404 154 427 a
187 396 225 427 te
259 389 365 428 enim
394 390 495 428 ratio
525 390 708 441 exigitur,
740 402 810 427 nos
840 389 1043 428 excusabit
1078 389 1319 440 obsequium.

132 453 227 492 vale.

680 623 769 662 XX.

418 726 451 756 C.
478 726 647 756 PLINIUS
673 725 867 756 CALVISIO
893 726 974 755 SUO
1000 726 1032 755 S.

272 811 326 840 Au
340 811 489 846 amusing]
503 814 634 840 account
649 810 685 846 of
694 811 834 846 Rewalus
847 819 884 839 as
898 819 919 839 α
933 810 1176 847 Ieyacy-hunter.

183 907 324 943 Assem
361 918 455 955 para
492 910 531 942 et
569 905 699 954 accipe
738 918 896 942 auream
943 904 1126 952 fabulam,
1167 904 1319 943 fabulas
1339 913 1356 944 1

129 970 272 1007 immo:
307 983 397 1007 nam
426 982 487 1007 me
518 969 691 1019 priorum
721 982 824 1007 nova
852 969 1069 1014 admonuit,
1101 983 1172 1007 nec
1202 970 1320 1007 refert

129 1048 151 1071 a
169 1047 245 1084 qua
264 1034 512 1084 potissimum
532 1034 726 1084 incipiam.
777 1033 950 1071 Verania
970 1034 1125 1071 Pisonis
1145 1034 1320 1084 graviter
1337 1043 1357 1072 ‘2

128 1099 287 1145 iacebat,
323 1098 439 1136 huius
477 1098 563 1136 dico
598 1098 751 1136 Pisonis
785 1112 901 1148 quem
941 1098 1067 1136 Galba
1100 1098 1314 1148 adoptavit.

128 1163 177 1201 ad
232 1163 331 1201 hanc
388 1163 562 1213 Regulus
614 1163 733 1201 venit.
824 1163 997 1213 primum
1043 1163 1318 1213 inpudentiam

128 1228 296 1266 hominis
325 1228 392 1278 qui
421 1227 574 1265 venerit
603 1227 652 1265 ad
686 1241 853 1278 aegram,
885 1228 993 1266 cuius
1022 1229 1163 1266 marito
1193 1228 1320 1266 inimi-

128 1292 314 1340 cissimus,
355 1292 429 1342 ipsi
476 1292 737 1330 invisissimus
784 1292 922 1330 fuerat.
1001 1299 1097 1340 esto,
1138 1293 1169 1330 si
1209 1293 1357 1335 venit3

128 1362 305 1395 tantum:
345 1362 385 1394 at
412 1356 477 1394 ille
504 1357 620 1394 etiam
649 1357 852 1407 proximus
878 1363 964 1395 toro
993 1357 1106 1404 sedit,
1137 1371 1214 1407 quo
1244 1357 1318 1403 die,

127 1435 204 1472 qua
233 1422 328 1460 hora
356 1427 449 1459 nata
478 1427 579 1459 esset
607 1421 878 1472 interrogavit.
950 1421 1019 1459 ubi
1052 1421 1189 1468 audiit,
1220 1435 1320 1460 com-

127 1487 239 1537 ponit
272 1486 437 1533 vultum,
472 1485 645 1523 intendit
683 1485 826 1531 oculos,
866 1491 998 1523 movet
1036 1485 1156 1530 labra,
1196 1487 1320 1537 agitat

127 1551 282 1602 digitos,
318 1555 547 1600 computat;
585 1550 711 1588 nil‘il:
750 1555 795 1587 ut
827 1549 895 1587 diu
928 1551 1107 1588 miseram
1143 1557 1320 1601 expecta-

127 1616 233 1654 tione
253 1615 470 1665 suspendit,
490 1614 640 1652 ‘habes'
657 1614 789 1664 inquit
812 1614 1130 1652 ‘climactericum
1150 1620 1318 1666 tempus,

127 1680 194 1718 sed
215 1680 366 1718 evades.
435 1679 541 1729 quod
567 1684 612 1716 ut
638 1679 712 1716 tibi
738 1679 861 1729 magis
890 1679 1051 1729 liqueat,
1073 1679 1318 1730 haruspicem
1337 1692 1357 1720 4

127 1744 325 1783 consulam
345 1758 461 1795 quem
482 1757 569 1782 sum
587 1744 814 1794 frequenter
834 1744 1042 1793 expertus?
1102 1758 1172 1782 nec
1193 1759 1320 1794 mora,
1337 1759 1357 1790 5

128 1809 354 1847 sacrificium
385 1809 489 1854 facit,
521 1808 704 1846 adfirmat
733 1814 824 1846 exta
855 1821 942 1846 011111
972 1808 1145 1846 siderum
1175 1810 1319 1861 signifi-

127 1874 278 1912 catione
298 1887 520 1924 congruere.
583 1873 661 1919 illa,
684 1878 729 1910 ut
748 1873 789 1910 in
810 1873 980 1922 periculo
1002 1873 1171 1922 credula,
1193 1876 1317 1925 poscit

127 1938 336 1983 codicillos,
363 1938 536 1988 legatum
565 1937 716 1988 Regulo
746 1937 905 1975 scribit:
937 1951 1028 1975 mox
1058 1939 1317 1989 ingravescit:

127 2003 268 2041 clamat
296 2003 465 2040 moriens
495 2002 695 2039 hominem
725 2015 905 2052 nequam,
937 2002 1130 2053 perfidum
1159 2018 1201 2041 ac
1232 2004 1318 2054 plus

128 2067 244 2105 etiam
283 2080 400 2116 quam
443 2066 654 2116 periurum,
695 2066 762 2116 qui
805 2066 879 2104 sibi
921 2079 992 2116 per
1035 2067 1201 2106 salutem
1248 2069 1320 2106 filii
