1492 2469
178 263 227 299 10
673 261 709 294 C.
731 261 864 293 PLINI

174 367 334 404 tecum?
381 371 575 416 quatenus
613 371 657 404 tu
703 379 764 404 me
812 367 890 404 tuis
938 380 1051 417 agere
1088 380 1167 405 non
1204 365 1362 417 pateris,

173 443 339 480 quorum
372 435 486 468 tanta
517 430 733 481 cupiditate
771 431 889 468 ardeo
922 437 968 469 ut
1000 431 1136 469 videar
1162 430 1259 468 mihi
1291 430 1363 468 hac

172 494 255 532 sola
283 495 463 533 mercede
491 508 603 545 posse
633 494 829 545 corrumpi
856 499 902 532 ut
931 494 994 533 vel
1022 500 1158 533 contra
1184 494 1366 532 Baeticos

134 572 153 602 6
173 557 308 596 adsim.
368 571 491 608 paene
511 558 697 608 praeterii
717 558 822 608 quod
846 558 1007 596 minime
1035 557 1363 608 praetereundum

172 622 259 668 fuit,
291 623 482 672 accepisse
511 636 573 660 me
602 628 776 660 careotas
804 622 982 672 optimas
1015 635 1114 672 quae
1142 635 1246 659 nunc
1275 634 1363 659 cum

173 686 256 724 ficis
277 692 317 724 et
336 686 479 725 boletis
500 686 731 725 certandum
751 686 908 724 habent.
967 686 1062 725 vale.

711 841 825 879 VIII.

329 939 362 969 C.
382 939 555 968 PLINIUS
580 939 766 968 POMPEIO
793 939 1038 969 SATURNINO
1063 939 1144 969 SUO
1171 940 1201 969 S.

213 1018 317 1053 Pliny
344 1017 415 1046 ask-s
442 1017 640 1047 Saturninus
667 1021 696 1046 to
724 1018 818 1046 revise
845 1028 863 1046 a
893 1018 995 1054 specelz
1022 1017 1059 1053 of
1077 1018 1127 1047 his
1153 1018 1305 1048 delivered
1329 1021 1366 1047 at

174 1067 302 1096 Comum
320 1071 353 1096 at
368 1068 417 1096 the
431 1068 567 1103 openim
589 1067 625 1103 of
642 1077 662 1096 α
680 1068 788 1103 public
809 1068 941 1104 liba-ary,
958 1068 1083 1104 Pliuy’s
1098 1068 1166 1104 sree
1184 1068 1245 1105 (list
1265 1071 1295 1098 to
1315 1069 1367 1098 his

170 1118 275 1146 native
289 1120 378 1147 town.

133 1213 148 1243 1
226 1200 524 1250 Peropportune
567 1199 664 1237 mihi
711 1199 889 1238 redditae
937 1206 1029 1238 sunt
1066 1200 1221 1239 litterae
1258 1206 1360 1246 tuae,

170 1264 314 1314 quibus
351 1264 557 1314 flagitabas
597 1269 647 1301 ut
680 1264 754 1302 tibi
801 1264 950 1314 aliquid
988 1278 1038 1302 ex
1076 1264 1230 1315 scriptis
1266 1266 1364 1303 meis

170 1329 383 1375 mitterem,
405 1342 495 1366 cum
515 1342 587 1379 ego
612 1328 652 1366 id
679 1329 808 1378 ipsum
834 1328 1102 1367 destinassem.
1173 1328 1362 1368 addidisti

170 1406 263 1443 ergo
311 1392 491 1442 calcaria..
522 1398 663 1443 sponte
711 1393 893 1440 currenti,
933 1393 1157 1444 pariterque
1203 1398 1244 1432 et
1288 1394 1361 1432 tibi

170 1458 326 1495 veniam
360 1457 568 1495 recusandi
601 1456 746 1497 laboris
776 1463 815 1495 et
843 1457 940 1495 mihi
967 1457 1150 1508 exigendi
1180 1471 1364 1497 verecun-

130 1521 275 1567 -2diam
310 1521 516 1560 sustulisti.
588 1535 679 1559 nam
713 1535 783 1560 nec
817 1535 879 1559 me
913 1522 1052 1560 timide
1084 1522 1144 1560 uti
1171 1522 1284 1561 decet
1315 1536 1363 1562 eo

168 1585 275 1636 quod
305 1586 481 1624 oblatum
510 1592 570 1623 est
598 1599 669 1624 neo
698 1590 737 1624 te
766 1586 919 1636 gravari
949 1586 1054 1636 quod
1087 1586 1360 1637 depoposcisti.

169 1664 248 1688 non
292 1656 352 1688 est
386 1656 520 1688 tamen
555 1650 661 1700 quod
696 1650 746 1688 ab
783 1650 942 1688 homine
980 1650 1174 1689 desidioso
1212 1651 1360 1702 aliquid

169 1715 262 1753 novi
283 1715 411 1765 operis
432 1721 624 1764 expectes
692 1715 889 1764 petiturus
918 1728 1003 1752 sum
1033 1715 1136 1753 enim
1160 1720 1205 1753 ut
1225 1729 1363 1755 rursus

171 1793 283 1818 vaces
322 1780 494 1817 sermoni
533 1792 651 1829 quem
689 1779 792 1829 apud
837 1780 1053 1829 municipes
1096 1792 1203 1818 meos
1238 1780 1358 1819 habui

126 1862 147 1892 3
168 1844 449 1883 bibliothecam
488 1843 751 1881 dedicaturus.
819 1844 980 1881 memini
1013 1843 1172 1894 quidem
1210 1850 1249 1882 te
1280 1845 1358 1883 iam

168 1908 363 1960 quaedam
394 1908 615 1954 adnotasse,
637 1907 705 1946 sed
734 1907 993 1958 generaliter:
1022 1907 1110 1945 ideo
1136 1921 1240 1946 nunc
1264 1921 1361 1959 rogo

167 1980 212 2012 ut
250 1987 331 2011 non
369 1978 528 2010 tantum
565 1972 817 2009 universitati
860 1972 944 2010 eius
990 1971 1184 2018 attendas,
1222 1985 1358 2010 verum

166 2038 286 2076 etiam
323 2036 539 2088 particulas
578 2050 655 2086 qua
693 2036 795 2074 soles
828 2036 921 2074 lima
958 2036 1217 2086 persequaris.
1283 2037 1359 2075 erit

166 2103 271 2141 enim
300 2107 341 2140 et
369 2107 460 2152 post
488 2101 804 2139 emendationem
834 2101 998 2139 liberum
1029 2101 1142 2139 nobis
1172 2101 1233 2140 vel
1261 2101 1359 2152 pub-
