1492 2469
212 202 262 238 48
710 200 747 233 C.
770 202 901 233 PLINI

209 303 389 342 defuncti
422 305 644 352 memoriae,
681 305 806 343 dolori
840 306 973 356 patris,
1009 320 1145 344 verum
1184 307 1302 345 etiam
1339 320 1405 346 ex-

209 368 339 418 emplo
386 375 637 419 prospectum
686 374 754 407 est.
841 375 983 408 acuent
1030 370 1080 408 ad
1127 371 1248 409 bonas
1298 378 1401 409 artes

209 432 458 471 iuventutem
488 433 807 471 adulescentibus
836 448 1003 484 quoque,
1026 434 1134 486 digni
1164 436 1244 474 sint
1271 435 1401 481 modo,

209 502 321 535 tanta
349 498 524 548 praemia
557 499 784 544 constituta,
816 505 957 537 acuent
990 499 1185 550 principes
1214 501 1319 538 viros
1352 499 1400 538 ad

208 562 352 600 liberos
381 562 648 612 suscipiendos
678 568 717 600 et
745 563 889 613 gaudia
917 578 966 601 ex
990 565 1267 614 superstitibus
1290 570 1329 602 et
1352 577 1399 602 ex

170 627 361 665 Gamissis
395 632 476 664 tam
510 626 678 677 gloriosa
712 627 864 665 solacia.
938 627 997 665 his
1031 641 1079 666 ex
1113 629 1238 666 causis
1271 632 1402 666 statua

208 690 319 729 Cotti
356 691 512 741 publice
550 691 685 739 laetor,
725 705 795 729 nec
833 691 1019 742 privatim
1057 692 1196 730 minus.
1272 692 1400 731 amavi

207 756 633 794 consummatissimum
654 756 836 794 iuvenem
852 762 931 794 tam
948 756 1142 804 ardenter,
1161 770 1278 807 quam
1296 770 1402 795 nunc

207 820 448 870 inpatienter
467 821 632 871 requiro.
707 821 781 859 erit
810 834 901 872 ergo
930 827 1156 872 pergratum
1185 822 1282 859 mihi
1301 822 1401 860 hanc

208 885 374 936 effigiem
404 886 486 923 eius
518 886 685 923 subinde
716 886 872 932 intueri,
904 886 1070 925 subinde
1099 887 1301 937 respicere,
1329 888 1403 925 sub

169 955 187 988 7
208 950 280 988 hac
313 951 536 995 consistere,
569 957 723 1001 praeter
755 951 855 989 hanc
890 965 1118 990 commeare.
1190 952 1336 990 etenim
1368 952 1400 989 si

207 1015 485 1052 defunctorum
503 1015 693 1065 imagines
722 1015 827 1053 domi
855 1016 1006 1066 positae
1028 1016 1202 1054 dolorem
1222 1023 1400 1054 nostrum

207 1079 352 1127 levant,
376 1085 526 1130 quanto
555 1080 678 1131 magis
708 1080 780 1118 hae
810 1081 952 1131 quibus
980 1081 1019 1118 in
1044 1081 1297 1120 ceieberrimo
1316 1081 1401 1120 loco

207 1158 286 1182 non
315 1144 432 1182 modo
461 1145 607 1195 species
637 1150 676 1183 et
696 1145 828 1183 vultus
857 1145 1015 1184 illorum
1044 1146 1111 1184 sed
1137 1146 1263 1184 honor
1282 1147 1399 1185 etiam

207 1214 248 1248 et
266 1209 391 1261 gloria
410 1209 605 1247 refertur}
663 1210 759 1248 vale.

751 1357 864 1396 VIII.

508 1445 542 1475 C.
562 1445 732 1474 PLINIUS
758 1444 936 1474 CANINIO
962 1443 1043 1473 SUO
1069 1443 1099 1473 S.

333 1514 433 1550 Pliny
448 1514 536 1549 Zonys
543 1512 600 1548 foo-
614 1513 661 1541 the
676 1512 852 1541 retirement
867 1512 934 1540 and
948 1511 1080 1547 delz'yhts
1094 1510 1130 1547 os
1143 1511 1279 1540 Comum.

172 1599 186 1628 l
261 1594 406 1634 Studes
443 1608 493 1633 an
530 1594 690 1645 piscaris
729 1608 778 1632 an
811 1594 965 1632 venaris
1003 1607 1052 1631 an
1090 1592 1207 1631 simul
1239 1592 1401 1631 omnia?

207 1665 372 1711 possunt
395 1660 500 1698 enim
531 1660 663 1698 omnia
689 1659 804 1697 simul
832 1659 916 1697 fieri
945 1658 995 1696 ad
1020 1658 1177 1696 Larium
1206 1662 1394 1696 nostrum.

206 1739 298 1764 nam
317 1725 423 1763 lacus
449 1724 607 1775 piscem,
634 1724 734 1762 feras
763 1723 883 1762 silvae
912 1723 1054 1774 quibus
1082 1722 1189 1760 lacus
1218 1722 1398 1773 cingitur,

207 1790 339 1828 studia
377 1789 590 1828 altissimus
628 1789 702 1827 iste
740 1802 912 1827 secessus
959 1788 1124 1826 adfatim
1170 1793 1395 1838 suggerunt.

167 1865 188 1895 2
206 1855 275 1893 sed
301 1854 382 1893 sive
412 1854 544 1893 omnia
572 1853 688 1891 simul
717 1853 798 1891 sive
828 1852 975 1903 aliquid
1002 1852 1106 1899 facis,
1135 1865 1214 1890 non
1239 1864 1398 1902 possum

206 1920 334 1959 dicere
371 1918 596 1958 ‘invideo':
637 1931 760 1969 angor
792 1923 925 1955 tamen
958 1929 1038 1955 non
1075 1921 1115 1954 et
1152 1915 1250 1953 mihi
1283 1915 1399 1954 licere

205 1999 306 2036 quae
340 1985 394 2023 sic
427 1983 657 2034 concupisco
690 1987 734 2020 ut
767 1982 873 2033 aegri
903 1981 1039 2020 vinum
1071 1980 1226 2019 balinea
1257 1980 1396 2019 fontes.

205 2062 473 2100 numquamne
488 2048 559 2086 hos
576 2047 792 2086 artissimos
811 2047 981 2097 laqueos,
999 2046 1031 2084 si
1052 2045 1201 2084 solvere
1221 2049 1398 2096 negatur,
