1492 2469
417 220 761 253 EPISTULARUM
787 221 814 253 1.
842 230 900 252 xx.
1203 226 1245 261 31

63 326 303 378 exequenda,
326 340 397 377 ego
426 326 603 377 iugulum
633 325 767 363 statim
795 325 920 369 video,
943 326 1046 365 hunc
1072 328 1251 377 premo':

63 392 208 443 premit
236 405 328 430 sane
357 390 463 441 quod
492 390 621 441 elegit,
653 389 721 428 sed
752 390 791 428 in
823 390 1002 441 eligendo
1028 392 1255 442 frequente}-

64 462 179 495 errat.
249 455 434 506 respondi
464 468 575 506 posse
605 454 687 492 fieri
717 460 762 492 ut
788 468 893 503 genu
923 461 1024 494 esset
1048 462 1116 494 aut·
1137 457 1250 502 talus,
1274 460 1311 489 15

63 521 132 559 ubi
169 520 252 564 illev
273 520 450 570 iugulum
489 524 671 570 putaret:
722 523 784 557 ‘at
822 519 914 570 ego’
952 519 1114 570 inquam
1163 521 1253 571 ‘qui

21 618 24 620 .
63 585 242 637 iugulum
280 585 497 635 perspicere
535 597 613 622 non
647 596 817 634 possum,
850 584 982 622 omnia
1014 590 1249 635 pertempto,

63 650 194 688 omnia
223 649 413 699 experior,
442 648 565 685 πάντα
594 648 764 698 denique
796 647 907 685 λίθον
933 649 1032 696 κινῶ,
1062 655 1185 699 utque
1212 650 1251 687 in
1274 660 1311 690 16

62 714 214 752 cultura
233 713 316 764 agri
337 727 416 751 non
436 713 570 751 vineas
599 718 756 750 tantum
776 726 914 751 verum
934 713 1052 751 etiam
1081 714 1249 761 arbusta,

63 791 133 817 nec
172 778 333 816 arbusta
371 783 526 815 tantum
557 789 693 814 verum
732 777 851 815 etiam
889 791 1044 827 campos
1082 791 1175 817 curo
1213 788 1252 816 et

61 856 234 890 exerceo,
256 848 378 892 utque
407 841 447 879 in
476 841 570 891 ipsis
600 841 745 891 campis
774 854 853 879 non
882 841 941 879 far
967 848 1034 880 aut
1058 843 1252 892 siliginem

62 907 183 946 solam
213 906 281 945 sed
310 906 512 952 hordeum,
535 905 665 943 fabam
694 910 898 956 ceteraque
927 906 1126 956 legumina
1154 920 1250 954 sero,

62 972 115 1010 sic
148 972 189 1009 in
223 971 376 1009 actione
408 970 521 1020 plura
554 970 664 1019 quasi
695 970 844 1008 semina
874 970 991 1008 latius
1024 985 1175 1022 spargo,
1208 979 1252 1010 ut

61 1049 160 1086 quae
189 1035 442 1085 provenerint
475 1034 666 1085 colligam.
739 1048 864 1085 neque
897 1035 1001 1073 enim
1034 1037 1164 1075 minus
1197 1038 1252 1074 in-
1272 1043 1309 1077 17

61 1100 276 1150 perspicua,
298 1099 457 1145 incerta,
479 1098 631 1137 fallacia
651 1104 744 1137 sunt
762 1099 935 1137 iudicum
956 1100 1114 1151 ingenia
1133 1114 1251 1150 quam

61 1168 341 1215 tempestatum
357 1168 637 1213 terrarumque.
691 1176 761 1202 nec
777 1177 838 1202 me
854 1165 1042 1214 praeterit
1055 1178 1249 1203 summum

61 1234 256 1267 oratorem
276 1227 453 1266 Periclen
473 1228 528 1266 sic
548 1241 570 1265 a
589 1228 736 1266 comico
755 1227 948 1279 Eupolide
968 1229 1131 1278 laudari,

433 1314 525 1364 πρὸς
545 1314 581 1351 δέ
602 1314 636 1364 γ’
657 1314 771 1351 αὐτοῦ
791 1315 843 1365 τῴ
862 1316 969 1366 τάχει

273 1378 390 1415 πειθώ
410 1395 466 1418 τις
487 1377 694 1427 ἐπεκάθητο
714 1381 815 1415 τοῖσι
838 1380 1024 1429 χείλεσιν·

274 1445 388 1481 οὕτως
408 1442 545 1491 ἐκήλει,
569 1442 630 1478 καὶ
650 1442 761 1491 μόνος
780 1442 854 1479 τῶν
871 1443 1039 1493 ῥητόρων

274 1507 317 1544 τὸ
339 1506 491 1555 κέντρον
511 1506 754 1557 ἔγκατὲλειπε
774 1510 851 1547 τοῖς
871 1508 1126 1558 ἀκροωμένοις.

61 1609 197 1634 verum
224 1595 314 1633 huic
337 1594 413 1644 ipsi
432 1594 573 1632 Pericli
593 1608 662 1632 nec
682 1594 750 1633 illa
769 1595 884 1632 πειθώ
904 1609 975 1634 nec
1000 1597 1098 1635 illud
1124 1597 1250 1647 ἐκήλει
1274 1613 1311 1642 18

61 1660 256 1699 brevitate
285 1659 347 1697 vel
376 1659 583 1697 velocitate
613 1659 675 1697 vel
704 1664 871 1710 utraque
899 1660 1103 1710 (differunt
1129 1664 1250 1715 enim)

62 1725 146 1763 sine
186 1723 373 1762 facultate
411 1737 564 1761 summa
610 1724 849 1775 contigisset.
924 1738 1016 1764 nam
1058 1727 1251 1767 delectare

62 1788 295 1839 persuadere
321 1788 472 1838 copiam
501 1788 658 1826 dicendi
684 1789 933 1840 spatiumque
960 1790 1168 1839 desiderat,
1197 1806 1251 1831 re-

62 1853 239 1904 linquere
255 1865 348 1891 vero
365 1852 540 1890 aculeum
556 1853 597 1890 in
613 1853 860 1892 audientium
880 1855 1021 1893 animis
1040 1856 1072 1894 is
1093 1856 1250 1895 demum

63 1922 193 1968 potest
223 1917 291 1967 qui
321 1930 400 1955 non
429 1918 582 1968 pungit,
616 1917 683 1956 sed
713 1917 853 1969 infigit.
929 1919 1030 1958 adde
1067 1935 1165 1971 quae
1204 1922 1250 1960 de
1274 1933 1312 1963 19

63 1982 201 2021 eodem
219 1982 368 2020 Pericle
388 1982 556 2020 comicus
577 1982 686 2029 alter,

221 2068 419 2117 ἤστραπτ’,
443 2068 617 2118 ἐβρόντα,
639 2071 825 2107 (tvvm-{xa
846 2071 914 2121 τὴν
928 2072 1115 2113 “Ελλάδα.
