1492 2469
222 244 236 278 l
246 244 267 279 2
716 245 753 278 C.
774 245 908 279 PLINI

216 353 386 385 tractatu
406 348 711 398 pervideremus,
733 356 930 400 postremo
950 357 995 389 ut
1015 352 1167 391 subitae
1186 352 1407 404 largitionis

216 412 399 450 comitem
445 414 730 463 paenitentiam
768 428 1003 454 caveremus.
1078 417 1311 456 nascebatur
1356 431 1407 456 ex

214 476 275 514 his
323 478 553 516 exercitatio
600 479 792 529 quaedam
844 482 1153 520 contemnendae
1204 482 1403 533 pecuniae.

174 551 306 582 9nam
339 556 427 580 cum
459 557 593 582 omnes
621 544 799 583 homines
827 545 878 583 ad
907 545 1124 584 custodiam
1154 546 1236 584 eius
1266 551 1407 585 natura

213 607 472 654 restrinxerit,
513 622 583 646 nos
621 616 757 648 contra
793 610 963 648 multum
1000 624 1044 648 ac
1082 611 1150 648 diu
1183 611 1405 661 pensitatus

213 685 323 710 amor
368 673 616 711 liberalitatis
672 675 946 713 communibus
1002 676 1190 714 avaritiae
1238 676 1405 714 vinculis

213 737 423 785 eximebat,
464 744 654 789 tantoque
692 739 928 778 laudabilior
965 740 1234 779 munificentia
1270 746 1406 779 nostra

212 802 294 840 fore
328 802 546 850 videbatur,
579 803 686 854 quod
721 804 771 842 ad
803 804 911 842 illam
945 818 1025 842 non
1053 805 1205 855 impetu
1233 804 1405 855 quodam

156 879 195 910 10
212 867 280 905 sed
300 867 461 905 consilio
481 867 743 906 trahebamur.
816 869 1027 908 accedebat
1055 869 1118 907 his
1146 870 1272 907 causis
1299 869 1405 920 quod

210 945 290 970 non
328 932 442 971 ludos
481 939 550 971 aut
586 933 825 983 gladiatores
863 933 932 972 sed
966 946 1117 972 annuos
1149 940 1330 985 sumptus
1362 934 1403 971 in

210 997 399 1036 alimenta
418 998 679 1049 ingenuorum
699 998 992 1049 pollicebamur.
1065 999 1265 1036 oculorum
1286 1011 1403 1049 porro

210 1069 249 1100 et
269 1062 420 1100 aurium
441 1063 666 1112 voluptates
687 1062 784 1101 adeo
804 1077 884 1101 non
905 1071 1022 1114 egent
1049 1063 1402 1110 commendatione,

209 1133 253 1165 ut
274 1141 354 1165 non
375 1133 456 1165 tam
476 1128 633 1166 incitari
663 1128 833 1167 debeant
862 1128 1040 1166 oratione
1069 1142 1187 1178 quam
1215 1128 1403 1178 reprimi:

151 1204 187 1233 11
209 1199 254 1229 ut
273 1205 367 1230 vero
387 1192 528 1242 aliquis
548 1192 719 1231 libenter
745 1192 990 1230 educationis
1016 1193 1190 1231 taedium
1216 1193 1403 1231 laborem-

208 1269 282 1306 que
329 1256 528 1306 suscipiat,
578 1270 658 1295 non
705 1257 889 1306 praemiis
935 1257 1052 1295 modo
1098 1271 1235 1295 verum
1282 1258 1402 1296 etiam

150 1337 190 1367 12
208 1321 415 1371 exquisitis
439 1321 782 1360 adhortationibus
808 1322 1090 1372 inpetrandum
1115 1328 1183 1360 est.
1257 1335 1348 1360 nam
1369 1323 1401 1360 si

207 1385 347 1424 medici
372 1386 558 1433 salubres,
579 1386 648 1424 sed
677 1387 881 1436 voluptate
911 1392 1088 1426 carentes
1117 1387 1223 1425 cibos
1253 1387 1402 1425 blandi-

208 1451 339 1490 oribus
377 1451 572 1502 adloquiis
610 1458 880 1502 prosecuntur,
921 1459 1068 1502 quanto
1105 1453 1229 1503 magis
1267 1452 1400 1490 decuit

206 1517 360 1567 publice
381 1517 651 1555 consulentem
671 1517 927 1555 utilissimum
953 1530 1107 1562 munus,
1130 1516 1198 1555 sed
1218 1530 1297 1555 non
1316 1530 1400 1567 per-

205 1582 296 1620 inde
343 1582 530 1632 populare
573 1582 759 1620 comitate
802 1581 991 1619 orationis
1033 1580 1247 1619 inducere?
1291 1593 1399 1630 prae-

206 1648 340 1686 sertim
361 1661 449 1685 cum
470 1647 703 1685 enitendum
725 1646 960 1684 haberemus
978 1651 1025 1683 ut
1044 1645 1148 1696 quod
1169 1646 1398 1696 parentibus

205 1712 373 1751 dabatur
401 1717 440 1750 et
469 1712 574 1750 orbis
607 1712 851 1763 probaretur,
882 1711 1150 1761 honoremque
1183 1724 1398 1760 paucorum

147 1787 187 1818 13
204 1777 322 1816 ceteri
353 1777 550 1827 patienter
583 1782 622 1815 et
652 1781 906 1827 expectarent
935 1780 974 1814 et
1002 1780 1258 1813 mererentur.
1327 1776 1397 1814 sed

204 1847 250 1879 ut
269 1847 362 1879 tunc
383 1841 655 1879 communibus
681 1841 807 1891 magis
836 1840 1051 1878 commodis
1075 1853 1192 1890 quam
1217 1840 1396 1890 privatae

204 1906 414 1944 iactantiae
439 1905 706 1952 studebamus,
729 1919 817 1943 cum
843 1905 1108 1943 intentionem
1134 1905 1396 1955 effectumque

203 1970 377 2008 muneris
403 1970 529 2008 nostri
551 1970 741 2008 vellemus
766 1969 954 2019 intellegi,
976 1969 1032 2007 ita
1057 1982 1161 2006 nunc
1180 1968 1222 2006 in
1241 1969 1395 2007 ratione

204 2035 347 2074 edendi
366 2048 549 2073 veremur
569 2048 617 2072 ne
636 2035 739 2073 forte
765 2048 846 2072 non
872 2034 1038 2072 aliorum
1063 2033 1306 2072 utilitatibus
1325 2034 1394 2072 sed

146 2110 186 2139 14
203 2101 383 2151 propriae
412 2099 519 2137 laudi
549 2099 714 2137 servisse
745 2098 959 2137 videamur.
1027 2102 1231 2147 praeterea
1261 2098 1395 2136 memi-
