1492 2469
193 210 244 248 66
693 207 730 240 C.
752 207 885 240 PLINI

191 322 366 365 teporem
396 313 486 351 solis
516 313 634 350 infusi
664 326 892 363 repercussu
918 314 1233 364 cryptoporticus
1253 320 1380 364 auget,

190 391 289 429 quae
322 383 367 416 ut
400 383 510 416 tenet
543 377 663 415 solem
693 378 747 415 sic
776 377 1000 427 aquilonem
1028 377 1182 416 inhibet
1216 391 1383 416 summo-

191 447 342 492 vetque,
361 448 630 492 quantumque
647 441 784 479 caloris
804 447 895 479 ante
915 447 1072 479 tantum
1088 448 1193 480 retro
1213 442 1377 493 frigoris.

187 507 369 544 similiter
396 507 559 544 africum
588 507 703 552 sistit,
725 511 842 556 atque
862 506 918 544 ita
937 506 1223 545 diversissimos
1243 513 1382 545 ventos

189 571 308 609 alium
343 571 419 609 alio
452 570 574 608 latere
607 570 756 621 frangit
789 576 828 608 et
862 571 960 608 finit.
1031 570 1126 608 haec
1159 571 1382 609 iucunditas

131 643 171 676 18
189 637 270 673 eius
318 636 457 680 hieme,
497 636 621 673 maior
663 641 821 674 aestate.
912 649 1003 673 nam
1041 643 1131 673 ante
1178 636 1381 674 meridiem

188 708 362 751 xystum,
380 707 469 750 post
489 700 691 737 meridiem
712 700 943 751 gestationis
964 700 1146 750 hortique
1162 701 1382 750 proximam

188 771 339 815 partem
369 765 509 802 umbra
538 778 607 802 sua
635 770 840 814 temperat,
864 778 973 814 quae,
997 770 1041 802 ut
1061 764 1144 802 dies
1168 764 1292 802 crevit
1320 765 1382 803 de-

187 831 371 876 crevitve,
389 829 506 867 modo
527 829 684 867 brevior
703 829 820 867 modo
836 829 989 879 longior
1008 829 1080 867 hac
1095 829 1157 867 vel
1178 829 1244 867 illa
1263 829 1377 867 cadit.

129 902 168 932 19
186 894 270 944 ipsa
289 907 382 931 vero
412 893 726 943 cryptoporticus
746 899 831 931 tum
858 894 1028 931 maxime
1056 900 1162 931 caret
1181 894 1271 941 sole,
1293 907 1380 932 cum

185 958 486 996 ardentissimus
507 958 668 995 culmini
684 958 766 996 eius
782 958 940 996 insistit.
991 957 1041 996 ad
1061 958 1133 996 hoc
1154 958 1381 1008 patentibus

185 1022 367 1061 fenestris
394 1022 572 1060 favonios
601 1022 741 1072 accipit
770 1023 1084 1073 transmittitque
1104 1036 1175 1061 nec
1195 1036 1380 1073 umquam

125 1096 167 1127 :20
186 1092 271 1125 a'e're
302 1087 412 1137 pigro
443 1092 481 1124 et
510 1092 695 1125 manente
724 1087 971 1137 ingravescit.
1042 1088 1082 1125 in
1113 1088 1240 1138 capite
1275 1088 1381 1138 xysti

185 1152 370 1202 deinceps
388 1150 718 1203 [cryptoporticus
739 1151 860 1204 horti]
877 1152 1006 1190 diaeta
1023 1158 1091 1198 est,
1108 1166 1260 1191 amores
1280 1153 1356 1191 mei
1372 1168 1381 1200 3

185 1230 228 1254 re
261 1229 353 1254 vera
387 1229 561 1254 amores:
602 1216 684 1266 ipse
718 1217 840 1266 posui.
918 1217 958 1254 in
992 1217 1064 1254 hac
1097 1217 1380 1256 heliocaminus

185 1281 345 1332 quidem
375 1281 451 1319 alia
480 1287 642 1330 xystum
671 1281 748 1319 alia
777 1295 882 1319 mare
911 1288 1077 1332 utraque
1112 1282 1244 1329 solem,
1278 1283 1381 1320 cubi-

184 1346 315 1384 culum
335 1352 468 1383 autem
489 1345 613 1383 valvis
634 1346 982 1396 cryptoporticum,
1000 1347 1172 1384 fenestra
1193 1347 1380 1397 prospicit

123 1419 160 1450 21
183 1424 300 1448 mare.
377 1416 515 1447 contra
552 1410 741 1460 parietem
780 1410 954 1448 medium
993 1411 1154 1449 zotheca
1192 1424 1378 1461 perquam

183 1475 384 1525 eleganter
412 1474 572 1519 recedit,
594 1488 691 1524 quae
722 1474 988 1524 specularibus
1015 1481 1053 1513 et
1073 1475 1170 1513 velis
1199 1475 1379 1514 obductis

182 1540 406 1578 reductisve
444 1539 562 1576 modo
605 1539 774 1576 adicitur
811 1539 989 1577 cubiculo
1026 1539 1144 1578 modo
1192 1540 1374 1578 aufertur.

181 1604 326 1642 lectum
357 1611 396 1641 et
427 1604 523 1641 duas
554 1603 759 1641 cathedras
788 1603 916 1653 capit:
963 1618 986 1641 a
1014 1604 1181 1654 pedibus
1210 1618 1326 1653 mare,
1358 1619 1379 1643 a

181 1675 292 1719 tergo
308 1669 435 1715 villae,
455 1683 475 1706 a
492 1669 619 1718 capite
636 1668 756 1706 silvae
774 1685 780 1706 :
808 1674 868 1706 tot
888 1669 1004 1706 facies
1020 1669 1194 1707 locorum
1210 1670 1376 1708 totidem

120 1744 163 1774 22
180 1733 363 1771 fenestris
392 1739 430 1770 et
460 1733 670 1783 distinguit
699 1738 739 1770 et
767 1733 911 1771 miscet.
982 1733 1159 1771 iunctum
1189 1739 1249 1772 est
1277 1734 1378 1773 cubi-

181 1798 312 1836 culum
333 1798 458 1835 noctis
488 1805 526 1835 et
555 1798 691 1835 somni.
763 1811 842 1835 non
862 1797 961 1835 illud
981 1811 1094 1836 voces
1121 1798 1375 1845 servulorum,

180 1877 259 1901 non
298 1863 416 1900 maris
456 1876 643 1906 murmur,
680 1875 759 1900 non
799 1867 1078 1912 tempestatum
1116 1869 1258 1910 motus,
1297 1877 1377 1901 non

179 1927 381 1978 fulgurum
420 1926 553 1964 lumen
596 1940 639 1964 ac
681 1939 730 1964 ne
769 1926 872 1964 diem
921 1927 1081 1976 quidem
1128 1928 1260 1975 sentit,
1301 1928 1377 1966 nisi

180 1992 363 2030 fenestris
384 1992 540 2042 apertis.
601 1998 682 2029 tam
703 1991 773 2029 alti
793 1991 996 2041 abditique
1016 1992 1155 2029 secreti
1175 1992 1243 2030 illa
1261 1993 1373 2040 ratio,

180 2057 288 2108 quod
320 2057 556 2095 interiacens
590 2056 741 2094 andron
771 2056 961 2106 parietem
991 2056 1158 2094 cubiculi
1192 2056 1376 2103 hortique
