1492 2469
161 220 212 256 40
657 220 694 253 C.
714 220 847 253 PLINI

726 358 776 396 II.

453 445 487 474 c.
508 444 677 473 PLINIUS
703 443 890 473 PAULmo
916 444 997 474 suo
1023 444 1056 474 s.

316 513 414 548 Pliny
429 515 644 541 'renzonslratcs
658 512 731 540 willo
745 512 910 541 Paulinus
918 512 974 549 for
990 516 1040 541 not
1055 511 1189 548 writiny.

124 598 134 627 ]
213 588 373 635 Irascor,
409 602 479 626 nec
512 589 637 638 liquet
669 588 767 626 mihi
800 602 850 626 an
882 588 1057 636 debeam,
1091 588 1157 626 sed
1191 588 1344 626 irascor.

160 653 233 691 scis
259 667 376 703 quam
401 653 452 691 sit
472 667 581 692 amor
599 653 758 703 iniquus
785 653 997 701 interdum,
1019 654 1202 703 inpotens
1222 666 1347 703 saepe,

159 717 370 767 μικραί-νιος
406 732 568 768 semper.
645 718 739 756 haec
776 723 909 756 tamen
948 731 1062 756 causa
1098 730 1240 768 magna
1277 722 1348 763 est,

160 782 290 820 nescio
319 796 368 820 an
398 782 523 821 iusta:
555 782 623 820 sed
652 795 734 833 ego,
757 788 959 832 tamquam
988 796 1067 821 non
1097 782 1226 820 minus
1246 781 1350 819 iusta

160 860 277 896 quam
305 860 446 896 magna
475 846 537 891 sit,
558 847 731 897 graviter
757 847 901 885 irascor
930 847 1034 897 quod
1065 861 1087 884 a
1110 851 1149 884 te
1172 852 1253 884 tam
1280 845 1349 884 diu

159 911 314 949 litterae
340 911 481 948 nullae.
541 924 701 948 exorare
728 924 789 949 me
816 916 927 960 potes
947 925 1025 949 uno
1046 910 1173 957 modo,
1196 911 1227 948 si
1248 923 1350 948 nunc

159 975 297 1012 saltem
326 975 512 1025 plurimas
542 980 580 1012 et
609 975 853 1025 longissimas
889 975 1050 1013 miseris.
1122 975 1216 1012 haee
1252 974 1349 1012 mihi

159 1040 241 1078 sola
269 1040 469 1078 excusatio
497 1053 600 1086 vcra,
623 1044 772 1077 ceterae
801 1039 920 1077 falsae
949 1039 1199 1077 videbuntur.
1271 1052 1350 1077 non

160 1118 245 1142 sum
279 1104 487 1142 auditurus
525 1107 624 1141 ‘non
658 1117 763 1142 eram
797 1103 966 1142 Romae'
1000 1103 1063 1142 vel
1104 1103 1347 1153 ‘occupatim

160 1169 289 1207 eram.’
345 1168 443 1206 illud
464 1168 567 1206 enim
588 1181 658 1206 nec
685 1168 726 1206 di
752 1168 894 1215 sinant,
916 1174 962 1206 ut
983 1167 1222 1206 ‘infirmior.'
1268 1168 1351 1218 ipse

159 1234 208 1272 ad
228 1233 362 1271 villam
382 1233 526 1283 partim
546 1232 687 1270 studiis
707 1233 851 1282 partim
872 1232 1022 1271 desidia
1041 1233 1159 1280 fruor,
1182 1245 1352 1283 quorum

159 1304 370 1348 utrumque
390 1312 438 1335 ex
459 1297 539 1335 otio
559 1297 741 1335 nascitur.
800 1297 894 1335 vale.

120 927 140 956 [ὗ

121 1184 140 1214 29

719 1440 790 1479 ΠΙ.

471 1529 504 1558 C.
525 1527 696 1557 PLINIUS
721 1526 875 1556 NEPOTI
900 1526 981 1556 suo
1007 1526 1039 1556 s,

427 1598 482 1625 An
496 1598 625 1625 account
639 1595 674 1630 of
686 1595 734 1623 the
748 1594 941 1623 rlzctoriec'an
956 1594 1074 1623 Isaeus.

125 1685 137 1714 l
214 1675 361 1725 Magna
390 1673 544 1711 Isaeum
573 1672 678 1709 fama
707 1675 978 1721 praecesserat,
1009 1670 1134 1708 maior
1163 1670 1350 1708 inventus

160 1746 229 1779 est.
288 1752 440 1777 summa
460 1743 518 1775 est
537 1736 711 1782 facultas,
731 1736 852 1786 copia,
873 1736 1029 1773 ubertas
1047 1751 1053 1773 :
1082 1735 1177 1773 dicit
1198 1748 1352 1785 semper

161 1820 210 1843 ex
251 1809 440 1854 tempore,
480 1802 548 1840 sed
586 1806 787 1850 tamquam
825 1800 895 1838 diu
940 1800 1147 1850 scripserit.
1225 1813 1351 1838 sermo

160 1870 343 1916 Graecus,
364 1869 485 1905 immo
515 1866 674 1904 Atticus
689 1880 697 1912 3
725 1864 986 1915 praefationes
1015 1869 1153 1910 tersae,
1176 1864 1348 1914 graciles,

121 1934 302 1983 2dulces,
334 1945 472 1983 graves
506 1930 706 1969 interdum
740 1933 779 1967 et
812 1933 973 1967 erectae.
1042 1929 1168 1978 poscit
1201 1934 1351 1966 contro-

159 1998 305 2036 versias
325 1997 468 2046 plures,
490 1995 722 2033 electionem
742 1993 988 2032 auditoribus
1007 1993 1214 2043 permittit,
1236 2006 1350 2043 saepe

159 2063 278 2102 etiam
306 2066 448 2112 partes,
477 2060 612 2110 surgit,
643 2058 836 2106 amicitur,
866 2058 1027 2108 incipit3
1058 2058 1191 2096 statim
1220 2058 1351 2096 omnia
