<?xml version="1.0" encoding="UTF-8"?>
<!DOCTYPE html PUBLIC "-//W3C//DTD XHTML 1.0 Transitional//EN"
    "http://www.w3.org/TR/xhtml1/DTD/xhtml1-transitional.dtd">
<html xmlns="http://www.w3.org/1999/xhtml" xml:lang="en" lang="en">
 <head>
  <title>
</title>
<meta http-equiv="Content-Type" content="text/html;charset=utf-8" />
  <meta name='ocr-system' content='tesseract 3.04.00' />
  <meta name='ocr-capabilities' content='ocr_page ocr_carea ocr_par ocr_line ocrx_word'/>
</head>
<body>
  <div class='ocr_page' id='page_1' title='image "./epistularumlibri00plinuoft_0083.png"; bbox 0 0 1492 2469; ppageno 0'>
   <div class='ocr_carea' id='block_1_1' title="bbox 9 812 17 1638">
    <p class='ocr_par' dir='ltr' id='par_1_1' title="bbox 9 812 17 1638">
     <span class='ocr_line' id='line_1_1' title="bbox 9 812 17 1638; baseline 0 0"><span class='ocrx_word' id='word_1_1' title='bbox 9 812 17 1638; x_wconf 95' lang='lat' dir='ltr'> </span> 
     </span>
    </p>
   </div>
   <div class='ocr_carea' id='block_1_2' title="bbox 5 1793 10 2303">
    <p class='ocr_par' dir='ltr' id='par_1_2' title="bbox 5 1793 10 2303">
     <span class='ocr_line' id='line_1_2' title="bbox 5 1793 10 2303; baseline 0 0"><span class='ocrx_word' id='word_1_2' title='bbox 5 1793 10 2303; x_wconf 95' lang='lat' dir='ltr'> </span> 
     </span>
    </p>
   </div>
   <div class='ocr_carea' id='block_1_3' title="bbox 441 237 1303 274">
    <p class='ocr_par' dir='ltr' id='par_1_3' title="bbox 441 237 1303 274">
     <span class='ocr_line' id='line_1_3' title="bbox 441 237 1303 274; baseline -0.002 -5"><span class='ocrx_word' id='word_1_3' title='bbox 441 238 782 271; x_wconf 80' lang='lat' dir='ltr'>EPISTULARUM</span> <span class='ocrx_word' id='word_1_4' title='bbox 812 237 858 269; x_wconf 93' lang='lat' dir='ltr'>II.</span> <span class='ocrx_word' id='word_1_5' title='bbox 887 247 990 269; x_wconf 79' lang='lat' dir='ltr'>v.-v1.</span> <span class='ocrx_word' id='word_1_6' title='bbox 1254 240 1303 274; x_wconf 80' lang='lat'>45</span> 
     </span>
    </p>
   </div>
   <div class='ocr_carea' id='block_1_4' title="bbox 109 340 1364 1231">
    <p class='ocr_par' dir='ltr' id='par_1_4' title="bbox 109 340 1364 1231">
     <span class='ocr_line' id='line_1_4' title="bbox 115 340 1304 387; baseline -0.002 -8"><span class='ocrx_word' id='word_1_7' title='bbox 115 340 232 379; x_wconf 90' lang='lat' dir='ltr'>modo</span> <span class='ocrx_word' id='word_1_8' title='bbox 253 347 297 379; x_wconf 87' lang='lat' dir='ltr'>tu</span> <span class='ocrx_word' id='word_1_9' title='bbox 317 354 449 380; x_wconf 86' lang='lat' dir='ltr'>curam</span> <span class='ocrx_word' id='word_1_10' title='bbox 470 347 578 380; x_wconf 86' lang='lat' dir='ltr'>tuam</span> <span class='ocrx_word' id='word_1_11' title='bbox 607 341 828 380; x_wconf 84' lang='lat' dir='ltr'>admoveris</span> <span class='ocrx_word' id='word_1_12' title='bbox 848 341 1007 378; x_wconf 82' lang='lat' dir='ltr'>interim</span> <span class='ocrx_word' id='word_1_13' title='bbox 1028 341 1123 387; x_wconf 71' lang='lat' dir='ltr'>istis,</span> <span class='ocrx_word' id='word_1_14' title='bbox 1145 353 1237 378; x_wconf 82' lang='lat' dir='ltr'>mox</span> <span class='ocrx_word' id='word_1_15' title='bbox 1257 340 1304 378; x_wconf 81' lang='lat' dir='ltr'>iis</span> 
     </span>
     <span class='ocr_line' id='line_1_5' title="bbox 115 404 1305 456; baseline 0 -14"><span class='ocrx_word' id='word_1_16' title='bbox 115 418 214 455; x_wconf 87' lang='lat' dir='ltr'>quae</span> <span class='ocrx_word' id='word_1_17' title='bbox 234 411 429 444; x_wconf 87' lang='lat' dir='ltr'>secuntur.</span> <span class='ocrx_word' id='word_1_18' title='bbox 501 405 605 444; x_wconf 89' lang='lat' dir='ltr'>dices</span> <span class='ocrx_word' id='word_1_19' title='bbox 625 412 664 444; x_wconf 85' lang='lat' dir='ltr'>te</span> <span class='ocrx_word' id='word_1_20' title='bbox 684 419 762 444; x_wconf 92' lang='lat' dir='ltr'>non</span> <span class='ocrx_word' id='word_1_21' title='bbox 790 418 900 456; x_wconf 88' lang='lat' dir='ltr'>posse</span> <span class='ocrx_word' id='word_1_22' title='bbox 921 405 1015 443; x_wconf 88' lang='lat' dir='ltr'>satis</span> <span class='ocrx_word' id='word_1_23' title='bbox 1035 405 1244 455; x_wconf 83' lang='lat' dir='ltr'>diligenter</span> <span class='ocrx_word' id='word_1_24' title='bbox 1265 404 1305 442; x_wconf 88' lang='lat' dir='ltr'>id</span> 
     </span>
     <span class='ocr_line' id='line_1_6' title="bbox 114 469 1303 521; baseline -0.001 -14"><span class='ocrx_word' id='word_1_25' title='bbox 114 469 249 517; x_wconf 86' lang='lat' dir='ltr'>faeere,</span> <span class='ocrx_word' id='word_1_26' title='bbox 264 470 339 508; x_wconf 88' lang='lat' dir='ltr'>nisi</span> <span class='ocrx_word' id='word_1_27' title='bbox 354 471 460 521; x_wconf 82' lang='lat' dir='ltr'>prius</span> <span class='ocrx_word' id='word_1_28' title='bbox 473 476 598 509; x_wconf 87' lang='lat' dir='ltr'>totam</span> <span class='ocrx_word' id='word_1_29' title='bbox 611 471 803 509; x_wconf 85' lang='lat' dir='ltr'>actionem</span> <span class='ocrx_word' id='word_1_30' title='bbox 820 470 1055 521; x_wconf 78' lang='lat' dir='ltr'>cognoveris.</span> <span class='ocrx_word' id='word_1_31' title='bbox 1100 470 1242 508; x_wconf 85' lang='lat' dir='ltr'>fateor:</span> <span class='ocrx_word' id='word_1_32' title='bbox 1264 470 1303 507; x_wconf 90' lang='lat' dir='ltr'>in</span> 
     </span>
     <span class='ocr_line' id='line_1_7' title="bbox 114 534 1303 584; baseline 0.001 -13"><span class='ocrx_word' id='word_1_33' title='bbox 114 535 335 584; x_wconf 87' lang='lat' dir='ltr'>praesentia</span> <span class='ocrx_word' id='word_1_34' title='bbox 354 540 487 573; x_wconf 87' lang='lat' dir='ltr'>tamen</span> <span class='ocrx_word' id='word_1_35' title='bbox 503 542 541 573; x_wconf 88' lang='lat' dir='ltr'>ot</span> <span class='ocrx_word' id='word_1_36' title='bbox 556 535 631 573; x_wconf 89' lang='lat' dir='ltr'>ista</span> <span class='ocrx_word' id='word_1_37' title='bbox 650 535 724 573; x_wconf 88' lang='lat' dir='ltr'>tibi</span> <span class='ocrx_word' id='word_1_38' title='bbox 744 534 996 573; x_wconf 76' lang='lat' dir='ltr'>familiariora</span> <span class='ocrx_word' id='word_1_39' title='bbox 1016 535 1111 572; x_wconf 85' lang='lat' dir='ltr'>fient</span> <span class='ocrx_word' id='word_1_40' title='bbox 1131 539 1171 572; x_wconf 85' lang='lat' dir='ltr'>et</span> <span class='ocrx_word' id='word_1_41' title='bbox 1190 548 1303 584; x_wconf 88' lang='lat' dir='ltr'>quae-</span> 
     </span>
     <span class='ocr_line' id='line_1_8' title="bbox 112 598 1299 650; baseline -0.001 -14"><span class='ocrx_word' id='word_1_42' title='bbox 112 598 202 636; x_wconf 89' lang='lat' dir='ltr'>dam</span> <span class='ocrx_word' id='word_1_43' title='bbox 224 613 273 637; x_wconf 83' lang='lat' dir='ltr'>ex</span> <span class='ocrx_word' id='word_1_44' title='bbox 293 599 353 637; x_wconf 90' lang='lat' dir='ltr'>his</span> <span class='ocrx_word' id='word_1_45' title='bbox 374 599 468 638; x_wconf 86' lang='lat' dir='ltr'>talia</span> <span class='ocrx_word' id='word_1_46' title='bbox 487 604 604 637; x_wconf 87' lang='lat' dir='ltr'>erunt</span> <span class='ocrx_word' id='word_1_47' title='bbox 623 604 668 637; x_wconf 88' lang='lat' dir='ltr'>ut</span> <span class='ocrx_word' id='word_1_48' title='bbox 682 612 752 650; x_wconf 88' lang='lat' dir='ltr'>per</span> <span class='ocrx_word' id='word_1_49' title='bbox 766 604 897 649; x_wconf 88' lang='lat' dir='ltr'>partes</span> <span class='ocrx_word' id='word_1_50' title='bbox 917 598 1116 636; x_wconf 86' lang='lat' dir='ltr'>emendari</span> <span class='ocrx_word' id='word_1_51' title='bbox 1136 598 1299 648; x_wconf 78' lang='lat' dir='ltr'>possint.</span> 
     </span>
     <span class='ocr_line' id='line_1_9' title="bbox 112 663 1358 713; baseline 0.001 -13"><span class='ocrx_word' id='word_1_52' title='bbox 112 663 259 701; x_wconf 79' lang='lat' dir='ltr'>etenim</span> <span class='ocrx_word' id='word_1_53' title='bbox 279 664 311 701; x_wconf 90' lang='lat' dir='ltr'>si</span> <span class='ocrx_word' id='word_1_54' title='bbox 332 664 507 702; x_wconf 86' lang='lat' dir='ltr'>avolsum</span> <span class='ocrx_word' id='word_1_55' title='bbox 523 669 675 702; x_wconf 79' lang='lat' dir='ltr'>statuae</span> <span class='ocrx_word' id='word_1_56' title='bbox 691 668 808 713; x_wconf 90' lang='lat' dir='ltr'>caput</span> <span class='ocrx_word' id='word_1_57' title='bbox 823 669 891 701; x_wconf 83' lang='lat' dir='ltr'>aut</span> <span class='ocrx_word' id='word_1_58' title='bbox 909 663 1127 701; x_wconf 77' lang='lat' dir='ltr'><strong>membrum</strong></span> <span class='ocrx_word' id='word_1_59' title='bbox 1143 663 1301 713; x_wconf 76' lang='lat' dir='ltr'>aliquod</span> <span class='ocrx_word' id='word_1_60' title='bbox 1325 665 1358 693; x_wconf 83' lang='lat'>11</span> 
     </span>
     <span class='ocr_line' id='line_1_10' title="bbox 111 727 1301 778; baseline 0 -13"><span class='ocrx_word' id='word_1_61' title='bbox 111 727 331 778; x_wconf 85' lang='lat' dir='ltr'>inspicereS,</span> <span class='ocrx_word' id='word_1_62' title='bbox 354 742 434 766; x_wconf 92' lang='lat' dir='ltr'>non</span> <span class='ocrx_word' id='word_1_63' title='bbox 453 733 497 766; x_wconf 88' lang='lat' dir='ltr'>tu</span> <span class='ocrx_word' id='word_1_64' title='bbox 517 728 678 778; x_wconf 86' lang='lat' dir='ltr'>quidem</span> <span class='ocrx_word' id='word_1_65' title='bbox 698 742 746 765; x_wconf 85' lang='lat' dir='ltr'>ex</span> <span class='ocrx_word' id='word_1_66' title='bbox 766 727 834 765; x_wconf 90' lang='lat' dir='ltr'>illo</span> <span class='ocrx_word' id='word_1_67' title='bbox 855 741 986 778; x_wconf 86' lang='lat' dir='ltr'>posses</span> <span class='ocrx_word' id='word_1_68' title='bbox 1006 728 1301 778; x_wconf 77' lang='lat' dir='ltr'>congruentiam</span> 
     </span>
     <span class='ocr_line' id='line_1_11' title="bbox 111 792 1301 843; baseline 0 -14"><span class='ocrx_word' id='word_1_69' title='bbox 111 792 469 843; x_wconf 75' lang='lat' dir='ltr'>aequalitatemque</span> <span class='ocrx_word' id='word_1_70' title='bbox 489 792 740 843; x_wconf 78' lang='lat' dir='ltr'>deprendere,</span> <span class='ocrx_word' id='word_1_71' title='bbox 759 805 890 843; x_wconf 86' lang='lat' dir='ltr'>posses</span> <span class='ocrx_word' id='word_1_72' title='bbox 906 797 1038 830; x_wconf 85' lang='lat' dir='ltr'>tamen</span> <span class='ocrx_word' id='word_1_73' title='bbox 1059 792 1231 830; x_wconf 81' lang='lat' dir='ltr'>iudicare</span> <span class='ocrx_word' id='word_1_74' title='bbox 1252 806 1301 830; x_wconf 85' lang='lat' dir='ltr'>an</span> 
     </span>
     <span class='ocr_line' id='line_1_12' title="bbox 110 856 1364 908; baseline -0.001 -13"><span class='ocrx_word' id='word_1_75' title='bbox 110 856 153 894; x_wconf 91' lang='lat' dir='ltr'>id</span> <span class='ocrx_word' id='word_1_76' title='bbox 172 857 300 907; x_wconf 88' lang='lat' dir='ltr'>ipsum</span> <span class='ocrx_word' id='word_1_77' title='bbox 320 857 415 895; x_wconf 89' lang='lat' dir='ltr'>satis</span> <span class='ocrx_word' id='word_1_78' title='bbox 444 857 599 908; x_wconf 82' lang='lat' dir='ltr'>elegans</span> <span class='ocrx_word' id='word_1_79' title='bbox 629 862 741 895; x_wconf 83' lang='lat' dir='ltr'>esset.</span> <span class='ocrx_word' id='word_1_80' title='bbox 804 870 874 894; x_wconf 90' lang='lat' dir='ltr'>nec</span> <span class='ocrx_word' id='word_1_81' title='bbox 898 857 975 895; x_wconf 87' lang='lat' dir='ltr'>alia</span> <span class='ocrx_word' id='word_1_82' title='bbox 995 870 1044 894; x_wconf 81' lang='lat' dir='ltr'>ex</span> <span class='ocrx_word' id='word_1_83' title='bbox 1064 870 1177 894; x_wconf 81' lang='lat' dir='ltr'>causa</span> <span class='ocrx_word' id='word_1_84' title='bbox 1197 857 1302 907; x_wconf 87' lang='lat' dir='ltr'>prin-</span> <span class='ocrx_word' id='word_1_85' title='bbox 1324 861 1364 890; x_wconf 72' lang='grc'>12</span> 
     </span>
     <span class='ocr_line' id='line_1_13' title="bbox 110 921 1303 974; baseline -0.003 -13"><span class='ocrx_word' id='word_1_86' title='bbox 110 923 212 974; x_wconf 86' lang='lat' dir='ltr'>cipia</span> <span class='ocrx_word' id='word_1_87' title='bbox 230 923 420 961; x_wconf 83' lang='lat' dir='ltr'>librorum</span> <span class='ocrx_word' id='word_1_88' title='bbox 444 922 779 968; x_wconf 86' lang='lat' dir='ltr'>circumferuntur,</span> <span class='ocrx_word' id='word_1_89' title='bbox 801 935 919 971; x_wconf 85' lang='lat' dir='ltr'>quam</span> <span class='ocrx_word' id='word_1_90' title='bbox 939 921 1031 971; x_wconf 84' lang='lat' dir='ltr'>quia</span> <span class='ocrx_word' id='word_1_91' title='bbox 1051 921 1303 959; x_wconf 82' lang='lat' dir='ltr'>existimatur</span> 
     </span>
     <span class='ocr_line' id='line_1_14' title="bbox 111 985 1362 1037; baseline -0.001 -13"><span class='ocrx_word' id='word_1_92' title='bbox 111 999 200 1035; x_wconf 78' lang='lat' dir='ltr'>pars</span> <span class='ocrx_word' id='word_1_93' title='bbox 220 986 350 1037; x_wconf 84' lang='lat' dir='ltr'>aliqua</span> <span class='ocrx_word' id='word_1_94' title='bbox 376 986 495 1024; x_wconf 88' lang='lat' dir='ltr'>etiam</span> <span class='ocrx_word' id='word_1_95' title='bbox 521 987 604 1024; x_wconf 88' lang='lat' dir='ltr'>sine</span> <span class='ocrx_word' id='word_1_96' title='bbox 630 986 769 1024; x_wconf 87' lang='lat' dir='ltr'>ceteris</span> <span class='ocrx_word' id='word_1_97' title='bbox 797 999 879 1024; x_wconf 84' lang='lat' dir='ltr'>esse</span> <span class='ocrx_word' id='word_1_98' title='bbox 906 987 1087 1036; x_wconf 82' lang='lat' dir='ltr'>perfecta.</span> <span class='ocrx_word' id='word_1_99' title='bbox 1146 985 1301 1036; x_wconf 87' lang='lat' dir='ltr'>longius</span> <span class='ocrx_word' id='word_1_100' title='bbox 1323 988 1362 1018; x_wconf 69' lang='grc' dir='ltr'>1ῖί</span> 
     </span>
     <span class='ocr_line' id='line_1_15' title="bbox 110 1050 1300 1101; baseline 0.001 -14"><span class='ocrx_word' id='word_1_101' title='bbox 110 1064 172 1088; x_wconf 87' lang='lat' dir='ltr'>me</span> <span class='ocrx_word' id='word_1_102' title='bbox 203 1051 385 1101; x_wconf 85' lang='lat' dir='ltr'>provexit</span> <span class='ocrx_word' id='word_1_103' title='bbox 415 1051 578 1089; x_wconf 82' lang='lat' dir='ltr'>dulcedo</span> <span class='ocrx_word' id='word_1_104' title='bbox 609 1050 800 1101; x_wconf 84' lang='lat' dir='ltr'>quaedam</span> <span class='ocrx_word' id='word_1_105' title='bbox 833 1056 963 1088; x_wconf 90' lang='lat' dir='ltr'>tecum</span> <span class='ocrx_word' id='word_1_106' title='bbox 992 1050 1200 1100; x_wconf 87' lang='lat' dir='ltr'>loquendi:</span> <span class='ocrx_word' id='word_1_107' title='bbox 1231 1050 1300 1088; x_wconf 91' lang='lat' dir='ltr'>sed</span> 
     </span>
     <span class='ocr_line' id='line_1_16' title="bbox 110 1115 1298 1165; baseline 0.001 -13"><span class='ocrx_word' id='word_1_108' title='bbox 110 1115 187 1152; x_wconf 86' lang='lat' dir='ltr'>iam</span> <span class='ocrx_word' id='word_1_109' title='bbox 226 1115 343 1152; x_wconf 91' lang='lat' dir='ltr'>finem</span> <span class='ocrx_word' id='word_1_110' title='bbox 373 1115 524 1161; x_wconf 88' lang='lat' dir='ltr'>faciam,</span> <span class='ocrx_word' id='word_1_111' title='bbox 554 1129 603 1153; x_wconf 91' lang='lat' dir='ltr'>ne</span> <span class='ocrx_word' id='word_1_112' title='bbox 631 1115 804 1161; x_wconf 85' lang='lat' dir='ltr'>modum,</span> <span class='ocrx_word' id='word_1_113' title='bbox 835 1129 950 1165; x_wconf 90' lang='lat' dir='ltr'>quem</span> <span class='ocrx_word' id='word_1_114' title='bbox 982 1115 1099 1153; x_wconf 84' lang='lat' dir='ltr'>etiam</span> <span class='ocrx_word' id='word_1_115' title='bbox 1131 1115 1298 1153; x_wconf 81' lang='lat' dir='ltr'>orationi</span> 
     </span>
     <span class='ocr_line' id='line_1_17' title="bbox 109 1179 1123 1231; baseline 0.001 -14"><span class='ocrx_word' id='word_1_116' title='bbox 109 1179 374 1218; x_wconf 87' lang='lat' dir='ltr'>adhibendum</span> <span class='ocrx_word' id='word_1_117' title='bbox 396 1185 502 1231; x_wconf 83' lang='lat' dir='ltr'>puto,</span> <span class='ocrx_word' id='word_1_118' title='bbox 525 1181 565 1218; x_wconf 90' lang='lat' dir='ltr'>in</span> <span class='ocrx_word' id='word_1_119' title='bbox 585 1180 754 1231; x_wconf 78' lang='lat' dir='ltr'>epistula</span> <span class='ocrx_word' id='word_1_120' title='bbox 772 1180 967 1219; x_wconf 83' lang='lat' dir='ltr'>excedam.</span> <span class='ocrx_word' id='word_1_121' title='bbox 1028 1180 1123 1218; x_wconf 87' lang='lat' dir='ltr'>vale.</span> 
     </span>
    </p>
   </div>
   <div class='ocr_carea' id='block_1_5' title="bbox 667 1368 735 1406">
    <p class='ocr_par' dir='ltr' id='par_1_5' title="bbox 667 1368 735 1406">
     <span class='ocr_line' id='line_1_18' title="bbox 667 1368 735 1406; baseline 0 0"><span class='ocrx_word' id='word_1_122' title='bbox 667 1368 735 1406; x_wconf 93' lang='lat' dir='ltr'>VI.</span> 
     </span>
    </p>
   </div>
   <div class='ocr_carea' id='block_1_6' title="bbox 433 1464 976 1494">
    <p class='ocr_par' dir='ltr' id='par_1_6' title="bbox 433 1464 976 1494">
     <span class='ocr_line' id='line_1_19' title="bbox 433 1464 976 1494; baseline 0 -1"><span class='ocrx_word' id='word_1_123' title='bbox 433 1464 468 1494; x_wconf 79' lang='lat' dir='ltr'>C.</span> <span class='ocrx_word' id='word_1_124' title='bbox 488 1464 658 1494; x_wconf 85' lang='lat' dir='ltr'>PLINIUS</span> <span class='ocrx_word' id='word_1_125' title='bbox 685 1464 811 1494; x_wconf 73' lang='lat' dir='ltr'>AVITO</span> <span class='ocrx_word' id='word_1_126' title='bbox 837 1464 917 1494; x_wconf 84' lang='lat' dir='ltr'>SUO</span> <span class='ocrx_word' id='word_1_127' title='bbox 943 1465 976 1494; x_wconf 80' lang='lat' dir='ltr'>S.</span> 
     </span>
    </p>
   </div>
   <div class='ocr_carea' id='block_1_7' title="bbox 388 1542 1008 1579">
    <p class='ocr_par' dir='ltr' id='par_1_7' title="bbox 388 1542 1008 1579">
     <span class='ocr_line' id='line_1_20' title="bbox 388 1542 1008 1579; baseline 0 -8"><span class='ocrx_word' id='word_1_128' title='bbox 388 1544 445 1572; x_wconf 77' lang='lat' dir='ltr'>An</span> <span class='ocrx_word' id='word_1_129' title='bbox 458 1546 587 1572; x_wconf 76' lang='lat' dir='ltr'>account</span> <span class='ocrx_word' id='word_1_130' title='bbox 601 1542 637 1579; x_wconf 88' lang='lat' dir='ltr'>of</span> <span class='ocrx_word' id='word_1_131' title='bbox 647 1552 665 1571; x_wconf 82' lang='grc' dir='ltr'><em>α</em></span> <span class='ocrx_word' id='word_1_132' title='bbox 681 1543 794 1579; x_wconf 73' lang='lat' dir='ltr'>shabby</span> <span class='ocrx_word' id='word_1_133' title='bbox 807 1543 921 1579; x_wconf 73' lang='lat' dir='ltr'>yenceel</span> <span class='ocrx_word' id='word_1_134' title='bbox 935 1543 1008 1572; x_wconf 70' lang='lat' dir='ltr'>host.</span> 
     </span>
    </p>
   </div>
   <div class='ocr_carea' id='block_1_8' title="bbox 105 1625 1335 2125">
    <p class='ocr_par' dir='ltr' id='par_1_8' title="bbox 105 1625 1335 2125">
     <span class='ocr_line' id='line_1_21' title="bbox 160 1625 1333 1676; baseline 0 -13"><span class='ocrx_word' id='word_1_135' title='bbox 160 1625 341 1676; x_wconf 83' lang='lat' dir='ltr'>Longum</span> <span class='ocrx_word' id='word_1_136' title='bbox 371 1631 430 1663; x_wconf 88' lang='lat' dir='ltr'>est</span> <span class='ocrx_word' id='word_1_137' title='bbox 456 1625 572 1664; x_wconf 88' lang='lat' dir='ltr'>altius</span> <span class='ocrx_word' id='word_1_138' title='bbox 598 1631 786 1676; x_wconf 82' lang='lat' dir='ltr'>repetere,</span> <span class='ocrx_word' id='word_1_139' title='bbox 808 1638 878 1663; x_wconf 89' lang='lat' dir='ltr'>nec</span> <span class='ocrx_word' id='word_1_140' title='bbox 904 1625 1025 1663; x_wconf 85' lang='lat' dir='ltr'>refert</span> <span class='ocrx_word' id='word_1_141' title='bbox 1049 1625 1298 1675; x_wconf 82' lang='lat' dir='ltr'>quemadmo—</span> <span class='ocrx_word' id='word_1_142' title='bbox 1319 1629 1333 1659; x_wconf 94' lang='lat' dir='ltr'>l</span> 
     </span>
     <span class='ocr_line' id='line_1_22' title="bbox 107 1689 1295 1732; baseline 0.001 -5"><span class='ocrx_word' id='word_1_143' title='bbox 107 1689 202 1727; x_wconf 89' lang='lat' dir='ltr'>dum</span> <span class='ocrx_word' id='word_1_144' title='bbox 239 1689 425 1728; x_wconf 86' lang='lat' dir='ltr'>acciderit</span> <span class='ocrx_word' id='word_1_145' title='bbox 457 1694 503 1728; x_wconf 86' lang='lat' dir='ltr'>ut</span> <span class='ocrx_word' id='word_1_146' title='bbox 536 1689 654 1728; x_wconf 90' lang='lat' dir='ltr'>homo</span> <span class='ocrx_word' id='word_1_147' title='bbox 687 1690 849 1728; x_wconf 88' lang='lat' dir='ltr'>minime</span> <span class='ocrx_word' id='word_1_148' title='bbox 881 1690 1083 1732; x_wconf 76' lang='lat' dir='ltr'>familiaris</span> <span class='ocrx_word' id='word_1_149' title='bbox 1117 1703 1295 1729; x_wconf 84' lang='lat' dir='ltr'>cenarem</span> 
     </span>
     <span class='ocr_line' id='line_1_23' title="bbox 108 1754 1293 1806; baseline 0.001 -14"><span class='ocrx_word' id='word_1_150' title='bbox 108 1754 211 1804; x_wconf 80' lang='lat' dir='ltr'>apud</span> <span class='ocrx_word' id='word_1_151' title='bbox 224 1754 431 1805; x_wconf 83' lang='lat' dir='ltr'>quendam,</span> <span class='ocrx_word' id='word_1_152' title='bbox 447 1760 491 1793; x_wconf 88' lang='lat' dir='ltr'>ut</span> <span class='ocrx_word' id='word_1_153' title='bbox 506 1755 579 1793; x_wconf 83' lang='lat' dir='ltr'>sibi</span> <span class='ocrx_word' id='word_1_154' title='bbox 595 1754 814 1800; x_wconf 86' lang='lat' dir='ltr'>videbatur,</span> <span class='ocrx_word' id='word_1_155' title='bbox 830 1755 983 1793; x_wconf 86' lang='lat' dir='ltr'>lautum</span> <span class='ocrx_word' id='word_1_156' title='bbox 999 1760 1039 1793; x_wconf 87' lang='lat' dir='ltr'>et</span> <span class='ocrx_word' id='word_1_157' title='bbox 1051 1755 1293 1806; x_wconf 80' lang='lat' dir='ltr'>diligentem,</span> 
     </span>
     <span class='ocr_line' id='line_1_24' title="bbox 107 1814 1335 1870; baseline 0.002 -14"><span class='ocrx_word' id='word_1_158' title='bbox 107 1824 152 1856; x_wconf 84' lang='lat' dir='ltr'>ut</span> <span class='ocrx_word' id='word_1_159' title='bbox 170 1818 278 1866; x_wconf 91' lang='lat' dir='ltr'>mihi,</span> <span class='ocrx_word' id='word_1_160' title='bbox 300 1819 504 1858; x_wconf 86' lang='lat' dir='ltr'>sordidum</span> <span class='ocrx_word' id='word_1_161' title='bbox 533 1819 649 1857; x_wconf 88' lang='lat' dir='ltr'>simul</span> <span class='ocrx_word' id='word_1_162' title='bbox 679 1824 719 1857; x_wconf 89' lang='lat' dir='ltr'>et</span> <span class='ocrx_word' id='word_1_163' title='bbox 747 1824 1032 1870; x_wconf 88' lang='lat' dir='ltr'>sumptuosum.</span> <span class='ocrx_word' id='word_1_164' title='bbox 1105 1814 1195 1858; x_wconf 86' lang='lat' dir='ltr'>nam</span> <span class='ocrx_word' id='word_1_165' title='bbox 1221 1821 1294 1859; x_wconf 82' lang='lat' dir='ltr'>sibi</span> <span class='ocrx_word' id='word_1_166' title='bbox 1314 1821 1335 1851; x_wconf 79' lang='lat'>2</span> 
     </span>
     <span class='ocr_line' id='line_1_25' title="bbox 107 1883 1296 1935; baseline 0.002 -14"><span class='ocrx_word' id='word_1_167' title='bbox 107 1888 147 1921; x_wconf 85' lang='lat' dir='ltr'>et</span> <span class='ocrx_word' id='word_1_168' title='bbox 182 1883 313 1933; x_wconf 85' lang='lat' dir='ltr'>paucis</span> <span class='ocrx_word' id='word_1_169' title='bbox 351 1884 482 1935; x_wconf 87' lang='lat' dir='ltr'>opima</span> <span class='ocrx_word' id='word_1_170' title='bbox 518 1883 721 1934; x_wconf 84' lang='lat' dir='ltr'>quaedam,</span> <span class='ocrx_word' id='word_1_171' title='bbox 762 1884 900 1922; x_wconf 86' lang='lat' dir='ltr'>ceteris</span> <span class='ocrx_word' id='word_1_172' title='bbox 934 1884 1029 1923; x_wconf 86' lang='lat' dir='ltr'>vilia</span> <span class='ocrx_word' id='word_1_173' title='bbox 1066 1890 1105 1923; x_wconf 90' lang='lat' dir='ltr'>et</span> <span class='ocrx_word' id='word_1_174' title='bbox 1142 1885 1296 1923; x_wconf 88' lang='lat' dir='ltr'>minuta</span> 
     </span>
     <span class='ocr_line' id='line_1_26' title="bbox 107 1947 1295 2000; baseline 0.003 -15"><span class='ocrx_word' id='word_1_175' title='bbox 107 1947 285 1997; x_wconf 83' lang='lat' dir='ltr'>ponebat.</span> <span class='ocrx_word' id='word_1_176' title='bbox 358 1948 497 1986; x_wconf 84' lang='lat' dir='ltr'>vinum</span> <span class='ocrx_word' id='word_1_177' title='bbox 526 1949 645 1986; x_wconf 89' lang='lat' dir='ltr'>etiam</span> <span class='ocrx_word' id='word_1_178' title='bbox 677 1948 852 1999; x_wconf 89' lang='lat' dir='ltr'>parvulis</span> <span class='ocrx_word' id='word_1_179' title='bbox 885 1949 1104 2000; x_wconf 82' lang='lat' dir='ltr'>lagunculis</span> <span class='ocrx_word' id='word_1_180' title='bbox 1141 1950 1206 1993; x_wconf 52' lang='lat' dir='ltr'>inw</span> <span class='ocrx_word' id='word_1_181' title='bbox 1219 1950 1295 1995; x_wconf 64' lang='lat' dir='ltr'>tria</span> 
     </span>
     <span class='ocr_line' id='line_1_27' title="bbox 105 2012 1294 2064; baseline 0.003 -14"><span class='ocrx_word' id='word_1_182' title='bbox 105 2024 248 2062; x_wconf 51' lang='lat' dir='ltr'>genera</span> <span class='ocrx_word' id='word_1_183' title='bbox 273 2012 540 2064; x_wconf 84' lang='lat' dir='ltr'>descripserat,</span> <span class='ocrx_word' id='word_1_184' title='bbox 561 2027 641 2051; x_wconf 92' lang='lat' dir='ltr'>non</span> <span class='ocrx_word' id='word_1_185' title='bbox 670 2019 714 2051; x_wconf 90' lang='lat' dir='ltr'>ut</span> <span class='ocrx_word' id='word_1_186' title='bbox 742 2018 915 2063; x_wconf 84' lang='lat' dir='ltr'>potestas</span> <span class='ocrx_word' id='word_1_187' title='bbox 945 2014 1126 2064; x_wconf 86' lang='lat' dir='ltr'>eligendi,</span> <span class='ocrx_word' id='word_1_188' title='bbox 1149 2015 1217 2053; x_wconf 85' lang='lat' dir='ltr'>sed</span> <span class='ocrx_word' id='word_1_189' title='bbox 1245 2028 1294 2053; x_wconf 90' lang='lat' dir='ltr'>ne</span> 
     </span>
     <span class='ocr_line' id='line_1_28' title="bbox 108 2076 1296 2125; baseline 0.003 -12"><span class='ocrx_word' id='word_1_190' title='bbox 108 2076 167 2113; x_wconf 87' lang='lat' dir='ltr'>ius</span> <span class='ocrx_word' id='word_1_191' title='bbox 187 2082 288 2115; x_wconf 86' lang='lat' dir='ltr'>esset</span> <span class='ocrx_word' id='word_1_192' title='bbox 303 2077 516 2122; x_wconf 86' lang='lat' dir='ltr'>recusandi,</span> <span class='ocrx_word' id='word_1_193' title='bbox 533 2077 641 2115; x_wconf 89' lang='lat' dir='ltr'>aliud</span> <span class='ocrx_word' id='word_1_194' title='bbox 656 2077 729 2115; x_wconf 90' lang='lat' dir='ltr'>sibi</span> <span class='ocrx_word' id='word_1_195' title='bbox 751 2083 789 2116; x_wconf 88' lang='lat' dir='ltr'>et</span> <span class='ocrx_word' id='word_1_196' title='bbox 809 2077 933 2125; x_wconf 89' lang='lat' dir='ltr'>nobis,</span> <span class='ocrx_word' id='word_1_197' title='bbox 951 2078 1056 2116; x_wconf 86' lang='lat' dir='ltr'>aliud</span> <span class='ocrx_word' id='word_1_198' title='bbox 1077 2079 1296 2117; x_wconf 89' lang='lat' dir='ltr'>minoribus</span> 
     </span>
    </p>
   </div>
  </div>
 </body>
</html>
