1492 2469
330 257 671 289 EPISTULARUM
697 257 724 288 I.
752 265 936 289 x11.-xm1.
1205 258 1249 294 21

63 368 156 400 sunt
181 374 279 412 quos
299 375 321 399 a
341 361 534 399 scribendi
564 360 834 410 recitandique
863 360 994 398 studio
1023 360 1118 398 haec
1150 359 1255 397 audi-

62 432 193 464 torum
219 425 282 463 vel
306 424 458 463 desidia
481 425 543 463 vel
571 425 756 475 superbia
783 437 863 462 non
893 424 1077 462 retardat.
1151 424 1255 474 equi-

62 490 152 528 dem
172 503 293 540 prope
313 489 460 528 nemini
482 489 599 527 defui.
659 495 771 527 erant
797 502 889 527 sane
918 489 1093 539 plerique
1115 488 1228 526 amici
1249 505 1255 526 :

62 568 189 604 neque
222 554 327 592 enim
360 560 419 592 est
452 554 531 592 fere
566 554 775 604 quisquam
814 554 881 603 qui
920 553 1063 600 studia,
1100 559 1144 591 ut
1176 566 1253 591 non

64 619 178 658 simul
217 624 257 656 et
294 632 365 656 nos
404 624 518 656 amet.
596 618 656 656 his
695 632 743 656 ex
783 618 907 656 causis
946 618 1101 669 longius
1140 624 1294 668 quam6

64 685 352 723 destinaveram
392 689 545 733 tempus
583 684 622 720 in
661 683 757 721 urbe
796 684 1029 733 consumpsi.
1098 697 1255 733 possum

63 750 140 787 iam
170 755 347 799 repetere
376 761 567 786 secessum
598 754 637 785 et
669 748 835 786 scribere
865 747 1013 798 aliquid
1043 747 1149 798 quod
1178 761 1257 785 non

63 813 235 858 recitem,
265 826 314 850 ne
342 812 488 859 videar,
511 825 681 862 quorum
711 812 1008 851 recitationibus
1037 812 1156 855 adfui,
1179 826 1257 850 non

65 877 224 915 auditor
250 877 368 914 fuisse
396 876 462 914 sed
490 876 671 914 creditor.
744 890 835 914 nam
856 882 902 914 ut
921 877 962 914 in
982 877 1121 915 ceteris
1141 877 1258 915 rebus

65 943 122 980 ita
158 941 199 979 in
237 941 422 980 audiendi
465 941 588 979 officio
627 941 731 991 perit
772 941 910 992 gratia,
950 941 981 979 si
1020 948 1255 992 reposcatur.

66 1006 161 1045 vale.
210 1033 223 1045 f

597 1140 734 1178 XIIII.

283 1244 317 1273 C.
338 1243 509 1273 PLINIUS
535 1243 658 1272 IUNIO
684 1242 877 1272 MAURICO
903 1243 983 1272 SUO
1009 1243 1041 1273 S.

106 1323 206 1359 Pliny
227 1322 434 1352 recommends
454 1322 614 1351 Allz'nz'cius
632 1322 804 1351 Acilianus
823 1325 852 1351 ιο
866 1323 990 1351 Jum'zts
1005 1323 1177 1352 Mauricas
1190 1332 1226 1352 as
1239 1332 1260 1352 a

67 1372 276 1408 hztsbavzdsm·
289 1373 339 1402 his
354 1373 446 1402 nicee.

121 1454 229 1493 Petis
249 1459 295 1492 ut
314 1454 447 1492 fratris
468 1454 525 1491 tui
545 1453 647 1492 filiae
668 1454 901 1504 prospiciam
921 1455 1124 1502 maritum3
1154 1455 1261 1505 quod
1281 1464 1293 1493 l

67 1520 207 1558 merito
235 1519 333 1557 mihi
362 1519 610 1569 potissimum
639 1518 822 1569 iniungis.
881 1519 953 1556 scis
982 1520 1086 1557 enim
1113 1526 1260 1570 quanto

67 1598 183 1634 opere
203 1597 401 1622 summum
420 1583 528 1621 illum
552 1583 679 1621 virum
700 1584 942 1633 suspexerim
963 1584 1259 1635 dilexerimque,

67 1649 211 1699 quibus
230 1648 296 1687 ille
316 1647 623 1686 adulescentiam
648 1661 775 1685 meam
799 1648 1141 1687 exhortationibus
1160 1650 1262 1688 fove-

67 1713 130 1760 rit,
173 1713 316 1763 quibus
363 1712 482 1750 etiam
529 1711 711 1750 laudibus
749 1717 794 1750 ut
840 1712 1059 1751 laudandus
1106 1714 1262 1753 viderer

67 1777 248 1816 effecerit.
320 1776 421 1815 nihil
459 1782 518 1814 est
557 1776 662 1826 quod
701 1790 723 1815 a
760 1782 799 1815 te
841 1777 1021 1816 mandari
1058 1778 1155 1817 mihi
1193 1786 1261 1818 aut
1279 1786 1299 1816 2

67 1841 193 1880 maius
221 1845 291 1879 aut
318 1841 480 1892 gratius,
502 1841 601 1878 nihil
632 1841 738 1891 quod
766 1841 971 1880 honestius
991 1856 1013 1880 a
1032 1856 1094 1881 me
1118 1844 1261 1895 suscipi

67 1906 191 1956 possit
211 1919 329 1956 quam
349 1911 396 1943 ut
416 1905 557 1955 eligam
580 1906 763 1944 iuvenem
789 1920 838 1944 ex
863 1920 941 1957 quo
967 1908 1073 1945 nasci
1098 1917 1262 1959 nepotes

68 1970 243 2008 Aruleno
264 1970 425 2008 Rustico
446 1970 592 2008 deceat.
660 1970 728 2020 qui
749 1970 908 2020 quidem
928 1971 996 2009 diu
1015 1974 1261 2022 quaerendus
1279 1978 1299 2009 3

69 2036 218 2083 fuisset,
239 2035 316 2073 nisi
344 2041 505 2085 paratus
530 2040 570 2073 et
596 2035 707 2085 quasi
737 2036 917 2086 provisus
946 2042 1047 2075 esset
1075 2037 1262 2077 Minicius

68 2100 282 2146 Aoilianus,
300 2100 368 2150 qui
387 2113 449 2138 me
470 2105 514 2137 ut
534 2100 688 2138 iuvenis
713 2100 896 2138 iuvenem
914 2103 989 2151 (est
1009 2102 1113 2140 enim
1133 2104 1262 2142 minor
