1492 2469
383 246 721 279 EPISTULARUM
743 246 770 278 I.
798 254 967 277 §rx-xxm.
1228 246 1276 283 33

87 365 204 402 quam
239 352 345 390 voles
379 352 489 389 brevi
518 351 688 402 epistula
716 350 784 389 sed
814 361 945 388 tamen
976 350 1097 387 scribe
1128 350 1278 399 (confir—

87 417 212 455 mabis
232 418 336 454 enim
365 416 555 454 iudicium
584 415 760 465 menm);
790 415 821 452 si
851 428 989 460 errare,
1012 413 1278 464 longissimam

88 495 191 531 para.
262 495 357 519 num
391 481 545 531 corrupi
575 486 624 527 te,
657 480 723 530 qui
753 479 838 525 tibi,
869 479 900 516 si
934 478 1032 516 mihi
1066 478 1275 525 accederes,

88 546 217 584 brevis
257 545 446 596 epistulae
480 545 764 589 necessitatem,
800 544 831 581 si
869 543 1106 590 dissentires,
1140 543 1281 593 longis-

88 611 207 649 simae
228 611 414 662 inposui?
469 610 565 648 vale.

626 737 737 774 XXI.

301 824 335 854 c.
354 823 524 853 PLINIUS
550 823 692 852 Pmmo
718 822 910 852 PATERNO
937 822 1017 851 suo
1043 826 1074 852 s.

128 903 229 938 Pliny
242 902 324 938 qia-es
343 902 391 931 his
412 902 543 938 opinion
564 901 601 937 of
616 910 695 930 some
716 902 813 930 slaves
836 902 928 929 whom
945 902 1103 930 Paternus
1124 901 1188 929 had
1200 910 1279 937 Imr-

88 953 198 982 clmscd
207 952 263 988 for
277 953 351 981 him.

143 1034 202 1073 Ut
222 1034 343 1072 animi
362 1034 421 1072 tui
440 1033 584 1072 iudicio
605 1034 659 1072 sic
680 1033 881 1071 oculorum
902 1034 1114 1083 plurimum
1129 1034 1280 1082 tribuo3
1303 1049 1315 1078 l

89 1113 167 1138 non
202 1099 293 1149 quia
320 1098 503 1145 multum,
533 1112 581 1136 ne
611 1098 685 1136 tibi
714 1098 878 1148 placeas,
910 1097 977 1136 sed
1006 1099 1098 1148 quia
1123 1104 1279 1136 tantum

89 1169 281 1213 quantum
311 1176 382 1214 ego
411 1163 538 1213 sapis:
568 1175 808 1213 quamquam
834 1162 907 1200 hoe
932 1176 1086 1212 quoque
1110 1163 1278 1201 multum

89 1233 158 1266 est.
227 1227 380 1266 omissis
414 1227 508 1265 iocis
545 1227 661 1265 credo
699 1226 884 1265 decentes
923 1240 1004 1265 esse
1042 1240 1175 1265 servos
1213 1229 1319 1278 qui22

89 1297 182 1330 sunt
211 1292 334 1342 empti
362 1291 459 1329 mihi
489 1305 537 1329 ex
567 1291 728 1329 consilio
758 1296 851 1330 tuo:
891 1296 1066 1341 superest
1099 1297 1144 1330 ut
1177 1292 1278 1342 frugi

88 1357 180 1403 sint,
214 1356 321 1407 quod
349 1356 397 1394 de
426 1356 631 1394 venalibus
661 1356 797 1394 melius
827 1356 985 1394 auribus
1014 1369 1130 1406 quam
1161 1357 1281 1395 oculis

88 1421 297 1460 iudicatur.
355 1421 450 1459 vale.

615 1540 748 1579 XXII.

302 1627 336 1657 c.
353 1627 523 1656 Primus
549 1627 716 1657 CATILIO
742 1627 902 1656 SEVERO
929 1628 1009 1657 suo
1034 1630 1065 1657 s.

264 1696 286 1724 I
288 1705 308 1724 n
319 1696 428 1732 praz'se
443 1694 479 1731 of
492 1695 527 1723 T.
546 1695 664 1730 Aristo,
682 1695 777 1724 whose
791 1695 897 1724 {Nile-ss
910 1695 945 1724 he
960 1696 1098 1725 laments.

143 1771 224 1809 Diu
243 1771 320 1809 iam
340 1771 381 1809 in
401 1771 496 1809 urbe
517 1771 669 1817 haereo,
693 1775 732 1808 et
751 1771 910 1821 quidem
931 1772 1134 1811 attonitus.
1194 1788 1278 1825 per·
1301 1787 1313 1815 1

91 1835 224 1873 turbat
252 1848 315 1873 me
344 1835 461 1886 longa
489 1839 529 1872 et
557 1835 740 1884 pertinax
763 1834 947 1873 valetudo
968 1835 1047 1873 Titi
1068 1836 1278 1885 Aristonis,

90 1912 207 1950 quem
227 1899 478 1949 singulariter
506 1904 545 1936 et
573 1899 694 1936 miror
717 1905 756 1937 et
781 1898 912 1949 diligo.
970 1900 1070 1938 nihil
1096 1906 1156 1939 est
1175 1902 1279 1940 enim

91 1963 157 2001 illo
176 1964 345 2014 gravius,
367 1963 552 2010 sanctim,
575 1962 739 2009 doctius,
761 1968 807 2001 ut
825 1963 923 2001 mihi
942 1977 1021 2002 non
1042 1978 1143 2004 unus
1162 1966 1279 2006 homo

91 2027 159 2066 sed
178 2027 334 2066 litterae
348 2027 455 2078 ipsae
472 2040 684 2077 omnesque
700 2027 824 2066 bonae
839 2032 943 2066 artes
962 2028 1003 2066 in
1023 2043 1101 2068 uno
1121 2030 1279 2071 homine

91 2105 285 2129 summum
315 2092 530 2142 periculum
560 2091 667 2130 adire
696 2091 914 2130 videantur.
985 2107 1101 2144 quam
1130 2096 1279 2146 peritus
1297 2107 1318 2136 ‘2

676 2157 697 2182 c
