1492 2469
391 233 732 266 EPISTULARUM
757 233 805 266 ΙΙ.
835 243 969 267 VL-vn.
1230 237 1278 273 4'1'

638 365 730 405 VII.

381 451 416 482 C.
436 452 606 481 PLINIUS
631 452 824 481 MACRINO
850 452 932 482 SUO
958 453 991 484 S.

133 520 176 556 Of
187 520 235 550 the
248 520 426 556 triumphat
445 523 546 549 statue
566 520 689 549 dect-ced
710 519 747 555 by
761 521 810 549 llze
822 523 926 549 senate
947 523 975 549 to
996 520 1165 549 Vestricius
1185 520 1284 556 Spur-

92 570 173 598 inna
181 570 238 607 sor
252 570 301 599 his
315 570 460 606 military
473 578 626 599 successes
671 570 803 605 thrz'ngl
824 570 872 598 liis
893 569 1111 605 absencesrom
1128 570 1223 599 Rome
1236 570 1286 598 his

89 628 145 649 son
163 619 283 649 Cottius
296 620 361 649 had
375 620 457 649 died.
501 620 541 648 In
564 629 701 655 memorgs
721 619 757 655 of
775 620 822 648 tlzc
837 620 928 648 latter
942 629 960 648 α
976 623 1076 649 statue
1090 621 1117 649 is
1131 621 1196 649 also
1212 624 1240 649 lo
1255 620 1286 649 be

92 673 135 699 set
148 679 203 707 up.
245 671 347 707 Pliny
361 679 513 706 expresses
533 671 582 699 his
601 669 797 706 satisfac-tion
820 673 852 699 at
875 670 946 699 this.
991 670 1072 700 Such
1087 671 1209 699 honour
1223 674 1252 699 to
1265 680 1286 699 a

92 721 266 757 promisingl
279 721 375 757 youth
388 721 453 749 will
467 721 626 750 stimulate
639 721 688 749 clze
701 729 807 756 younst
821 723 850 749 to
864 721 995 750 emulate
1015 721 1064 750 his
1076 721 1202 755 virtues,
1220 721 1288 749 and

90 780 263 807 encourayc
277 781 343 800 men
359 771 395 807 of
406 771 488 799 rank·
502 774 531 799 to
546 780 619 799 rear
634 771 750 806 worllcg(
764 770 914 800 children.

148 846 254 885 Here
274 861 297 885 a
316 852 455 885 senatu
474 846 672 884 Vestricio
693 846 914 896 Spurinnae
933 846 1110 897 principe
1130 851 1287 885 auctore
1306 854 1323 885 l

93 910 344 961 triumphalis
373 916 505 948 statua
532 910 689 948 decreta
717 916 787 958 est,
809 924 888 948 non
908 911 965 949 ita
983 916 1029 949 ut
1055 911 1190 949 multis
1219 911 1289 961 qui

94 988 309 1026 numquam
324 975 365 1013 in
381 975 461 1013 acie
481 980 691 1022 steterunt,
708 988 925 1025 numquam
946 982 1073 1013 castra
1088 975 1286 1024 viderunt,

93 1053 311 1090 numquam
331 1039 502 1090 denique
528 1039 713 1077 tubarum
743 1053 881 1077 sonum
902 1040 977 1078 nisi
997 1040 1038 1078 in
1058 1041 1290 1091 spectaculis

94 1103 316 1152 audierunt,
345 1117 482 1142 verum
511 1109 556 1141 ut
585 1103 662 1142 illis
692 1104 760 1154 qui
789 1104 906 1143 decus
935 1105 1044 1143 istud
1077 1105 1219 1144 sudore
1250 1110 1290 1143 et

92 1169 283 1219 sanguine
317 1174 357 1207 et
388 1168 502 1206 factis
539 1168 868 1219 adsequebantur.
954 1183 1046 1208 nam
1091 1169 1329 1220 Spurinna2

96 1233 330 1271 Bructerum
367 1246 499 1284 regem
536 1233 576 1270 vi
615 1239 654 1271 et
692 1233 809 1271 armis
847 1233 1008 1272 induxit
1045 1234 1086 1272 in
1124 1247 1290 1286 regnum

95 1302 371 1348 ostentatoque
408 1297 511 1336 bello
548 1297 830 1336 ferocissimam
867 1304 1037 1349 gentem,
1079 1299 1184 1350 quod
1231 1305 1292 1338 est

96 1362 402 1412 pulcherrimum
422 1362 608 1400 victoriae
628 1375 762 1412 genus,
784 1367 933 1401 terrore
954 1362 1187 1412 perdomuit.
1251 1368 1292 1401 et
1309 1374 1329 1405 3

96 1432 170 1471 hoc
189 1432 348 1483 quidem
378 1432 538 1470 virtutis
566 1433 797 1482 praemium,
819 1432 918 1470 illud
937 1432 1126 1471 solacium
1145 1433 1292 1472 doloris

96 1497 257 1548 accepit,
287 1496 394 1547 quod
425 1497 506 1535 filio
537 1497 620 1535 eius
652 1497 796 1545 Cottio,
828 1511 944 1547 quem
975 1498 1108 1536 amisit
1138 1499 1290 1545 absens,

98 1562 256 1600 habitus
280 1566 339 1600 est
367 1561 495 1599 honor
514 1567 678 1600 statuae.
749 1575 883 1600 rarum
903 1562 944 1600 id
965 1562 1007 1600 in
1026 1563 1192 1601 iuvene:
1222 1563 1291 1601 sed

99 1631 210 1676 pater
228 1625 302 1664 hoc
321 1639 478 1676 quoque
498 1626 735 1672 merebatur,
756 1626 866 1664 cuius
885 1627 1117 1677 gravissimo
1137 1627 1291 1666 vulneri

98 1702 240 1740 magno
270 1689 402 1740 aliquo
436 1689 612 1728 fomento
645 1690 887 1729 medendum
925 1691 1012 1731 fuit.
1089 1697 1331 1743 praeterea4

99 1754 255 1793 Cottius
273 1754 356 1805 ipse
376 1760 458 1792 tam
488 1755 635 1793 clarum
663 1755 861 1805 specimen
889 1755 1034 1795 indolis
1063 1756 1227 1795 dederat
1247 1763 1293 1795 ut

100 1819 182 1857 vita
201 1819 285 1858 eius
304 1819 434 1857 brevis
460 1825 500 1858 et
527 1826 696 1870 angusta
722 1819 903 1859 debuerit
923 1820 996 1859 hac
1015 1821 1126 1860 velut
1149 1822 1294 1860 inmor—

101 1883 254 1922 talitate
287 1883 462 1933 proferri.
539 1897 631 1921 nam
664 1888 777 1922 tanta
807 1885 842 1922 ei
873 1886 1073 1932 sanctitas,
1105 1887 1292 1937 gravitas,

101 1948 313 1986 auctoritas
351 1948 480 1995 etiam,
520 1953 566 1986 ut
612 1954 744 1998 posset
792 1962 902 1987 senes
948 1949 1036 1988 illos
1081 1963 1295 2001 provocare

101 2012 260 2058 virtute,
295 2013 438 2062 quibus
475 2026 579 2051 nunc
607 2012 756 2051 honore
794 2013 1038 2064 adaequatus
1068 2020 1138 2054 est.
1217 2029 1295 2066 quo
1313 2024 1334 2054 5

103 2076 262 2127 quidem
287 2076 447 2125 honore,
469 2082 664 2128 quantum
693 2091 763 2129 ego
792 2078 1042 2129 interpretor,
1069 2093 1149 2118 non
1177 2080 1295 2118 modo
