1492 2469
414 243 755 277 EPISTULARUM
780 242 807 274 Ι.
835 251 899 274 xli.
1205 244 1252 280 19

64 355 198 389 tamen
228 349 326 389 deus
355 354 459 395 voto,
491 348 601 387 cuius
627 347 693 386 ille
722 359 889 396 compos,
918 351 963 384 ut
992 346 1070 384 iam
1096 359 1253 384 securus

64 415 239 466 liberque
285 414 511 460 moriturus,
552 412 677 451 multa
723 412 790 450 illa
835 412 940 449 vitae
987 410 1055 449 sed
1101 412 1253 450 minora

64 479 279 519 retinacula
307 479 475 529 abrupit.
544 479 763 516 increverat
790 476 986 523 valetudo,
1017 490 1133 526 quam
1159 482 1254 514 tem-
1292 483 1312 514 9

63 545 242 595 perantia
260 544 439 594 mitigare
460 542 681 593 temptavit,
698 546 1011 592 perseverantem
1034 542 1254 579 constantia

63 610 176 661 fugit.
243 609 323 648 iam
360 608 443 647 dies
479 608 579 646 alter
615 607 755 646 tertius
793 612 982 656 quartus:
1030 606 1254 644 abstinebat

0 679 7 690 ⁸
63 675 158 714 cibo.
227 674 336 712 misit
364 673 413 712 ad
446 686 508 711 me
541 685 642 710 uxor
674 672 756 710 eius
792 670 974 721 Hispulla
1005 684 1252 709 communem

64 739 231 778 amicum
265 738 308 777 C.
343 737 569 776 Geminium
603 750 689 774 cum
724 736 951 773 tristissimo
984 736 1135 782 nuntio,
1171 735 1253 774 des-

62 804 209 842 tinasse
230 802 441 842 Corellium
462 801 559 840 mori
580 814 651 838 nec
671 807 738 839 aut
759 801 837 838 suis
857 806 927 838 aut
947 801 1047 838 fi1iae
1071 801 1252 851 precibus

63 868 179 915 flecti,
209 867 335 906 solum
364 879 564 917 superesse
592 879 654 903 me
684 879 706 903 a
734 879 811 915 quo
840 866 1011 903 revocari
1042 871 1174 916 posset
1203 867 1252 904 ad

61 932 196 970 vitam.
271 931 447 969 cucurri:
502 943 757 980 perveneram
794 930 834 967 in
881 931 1116 980 proximum,
1165 945 1252 969 cum
1272 940 1311 970 10

63 996 159 1034 mihi
181 996 229 1034 ab
249 996 386 1034 eadem
416 994 603 1045 Hispulla
631 994 756 1032 Iulius
776 994 934 1032 Atticus
963 996 1124 1033 nuntiat
1153 996 1252 1034 nihil

61 1061 140 1099 iam
178 1074 226 1099 ne
263 1074 325 1099 me
363 1059 523 1110 quidem
570 1059 887 1110 inpetraturum:
936 1065 1017 1097 tam
1056 1060 1252 1100 obstinate

61 1125 184 1176 magis
222 1139 266 1164 ac
303 1124 428 1175 magis
466 1124 698 1163 induruisse.
771 1123 928 1163 dixerat
966 1138 1058 1163 sane
1101 1127 1251 1166 medico

60 1189 287 1228 admoventi
307 1190 436 1228 cibum
458 1188 623 1238 κέκρικα,
646 1202 743 1239 quae
763 1202 842 1227 vox
868 1195 1062 1239 quantum
1088 1191 1251 1231 admira-

60 1255 178 1293 tionis
198 1255 239 1292 in
259 1254 390 1292 animo
410 1267 496 1292 meo
516 1259 672 1291 tantum
693 1253 878 1291 desiderii
897 1253 1068 1304 reliquit.
1121 1257 1250 1307 cogito

60 1333 138 1370 quo
157 1318 292 1366 amieo,
310 1332 388 1369 quo
403 1318 489 1356 viro
510 1331 670 1356 caream.
724 1317 904 1368 implevit
924 1318 1085 1368 quidem
1105 1333 1251 1359 annum
1270 1326 1304 1355 ll

59 1384 271 1434 septimum
295 1389 335 1422 et
360 1383 687 1434 sexagensimum,
709 1396 808 1433 quae
836 1389 943 1421 aetas
972 1384 1091 1422 etiam
1120 1387 1252 1425 robus-

59 1449 222 1488 tissimis
269 1449 364 1487 satis
402 1448 520 1499 longa
562 1454 647 1486 est:
690 1448 780 1486 scio.
857 1448 982 1486 evasit
1018 1457 1248 1500 perpetuam

60 1513 351 1552 valetudinem:
393 1513 479 1551 scio.
546 1511 713 1550 decessit
746 1512 1024 1562 superstitibus
1057 1514 1149 1562 suis⁷
1185 1516 1250 1555 flo—

60 1583 170 1616 rente
194 1591 236 1615 re
262 1577 431 1626 publica,
453 1590 552 1626 quae
581 1576 638 1614 illi
668 1576 849 1614 omnibus
879 1577 958 1615 suis
987 1578 1111 1616 carior
1138 1586 1248 1620 erat:

59 1649 100 1682 et
118 1642 192 1681 hoc
212 1642 299 1680 seio.
359 1648 492 1680 tamen
520 1646 723 1690 tamquam
743 1646 783 1679 et
804 1641 955 1679 iuvenis
976 1648 1015 1680 et
1036 1643 1248 1683 firmissimi
1270 1651 1308 1679 12

59 1713 227 1745 mortem
264 1706 390 1752 doleo,
439 1705 552 1744 doleo
592 1712 735 1751 autem,
776 1705 866 1744 licet
912 1719 974 1745 me
1021 1707 1247 1748 inbecillum

58 1777 184 1822 putes,
215 1784 303 1810 meo
332 1772 499 1810 nomine.
573 1770 687 1808 amisi
716 1771 833 1814 enim,
861 1772 973 1810 amisi
1004 1773 1108 1812 vitae
1137 1788 1246 1815 meae

57 1842 200 1875 testem
228 1841 419 1874 rectorem
444 1835 687 1886 magistrum.
747 1835 787 1872 in
808 1849 970 1884 summa,
993 1837 1119 1876 dicam
1141 1842 1245 1890 quod

57 1899 205 1938 recenti
259 1899 393 1938 dolore
448 1899 720 1938 contubernali
782 1913 868 1938 meo
923 1901 1094 1941 Calvisio
1149 1905 1244 1951 dixi,

59 1968 219 2002 ‘vereor
265 1977 314 2002 ne
361 1964 634 2015 neglegentius
672 1964 829 2002 vivam]
898 1966 1064 2016 proinde
1103 1969 1246 2009 adhibe
1269 1979 1306 2009 13

56 2028 200 2067 solacia
231 2028 341 2076 mihi,
377 2042 457 2067 non
488 2028 582 2067 haec
619 2034 763 2067 ‘senex
797 2035 891 2078 erat,
926 2031 1104 2071 infirmus
1138 2038 1248 2074 erat'

54 2092 166 2141 (haec
194 2092 299 2131 enim
326 2093 450 2144 novi),
472 2093 539 2132 sed
569 2106 672 2132 nova
699 2093 840 2144 aliqua,
872 2094 940 2133 sed
969 2109 1121 2148 magna,
1145 2112 1244 2149 quae
