1492 2469
385 240 726 273 EPISTULARUM
752 240 799 272 ΙΙ.
828 249 902 271 xv1.
911 248 1014 272 -Χνῐῐ,
1248 242 1295 278 63

107 361 194 385 cum
223 346 450 397 cognoveris
483 346 650 397 gratiam
680 345 807 390 villae,
839 344 1175 394 opportunitatem
1210 344 1294 389 loci,

107 412 230 450 litoris
262 411 444 461 spatium.
514 410 647 448 decem
677 416 716 447 et
744 415 895 459 septem
925 408 1082 447 milibus
1110 422 1296 459 passuum

105 476 154 514 ab
173 476 267 514 urbe
287 475 456 523 secessit,
478 481 525 513 ut
543 474 712 525 peractis
732 487 831 524 quae
851 473 1003 524 agenda
1022 473 1169 511 fuerint
1189 473 1296 511 salvo

105 542 182 579 iam
202 547 241 578 et
261 540 477 590 composito
506 539 569 577 die
598 539 723 589 possis
743 539 797 576 ibi
817 551 986 576 manere.
1057 537 1190 576 aditur
1216 551 1295 576 non

105 618 183 642 una
198 604 261 642 via
277 620 286 652 ;
315 617 405 642 nam
422 609 461 642 et
477 603 718 641 Laurentina
734 608 773 641 et
789 602 981 640 Ostiensis
997 602 1135 640 eodem
1151 603 1294 649 ferunt,

105 669 172 708 sed
201 669 443 707 Laurentina
471 682 493 706 a
521 674 661 718 quarto
691 667 841 706 decimo
870 667 1011 718 lapide,
1034 668 1228 706 Ostiensis
1247 669 1297 706 ab

104 733 311 772 undecimo
349 732 607 783 relinquenda
645 739 714 770 est.
790 732 989 782 utrimque
1036 733 1183 783 excipit
1221 733 1298 771 iter

105 798 234 848 aliqua
263 812 310 835 ex
340 803 450 848 parte
480 796 726 843 harenosum,
754 796 897 834 iunctis
926 796 1042 846 paulo
1069 797 1228 847 gravius
1258 804 1297 835 et

106 863 268 913 longius,
291 875 391 912 equo
418 862 534 899 breve
564 867 603 899 et
629 860 756 899 molle.
829 861 935 899 varia
956 860 1045 899 hinc
1066 867 1184 912 atque
1203 862 1295 901 inde
1315 873 1322 898 :

104 927 243 965 facies:
273 939 365 964 nam
394 925 511 963 modo
541 925 835 962 occurrentibus
864 925 972 963 silvis
992 925 1056 963 via
1085 932 1294 972 coartatur,

104 991 220 1030 modo
248 990 449 1029 latissimis
479 990 601 1040 pratis
630 989 868 1027 diffunditur
893 997 932 1028 et
962 990 1127 1040 patescit
1142 1005 1151 1037 3
1179 992 1295 1029 multi

103 1069 238 1106 greges
281 1055 424 1100 ovium,
465 1054 589 1092 multa
628 1054 682 1092 ibi
719 1067 910 1104 equorum
948 1055 1068 1093 boum
1105 1065 1294 1103 armenta,

103 1133 201 1170 quac
222 1119 422 1157 montibus
442 1119 570 1157 hieme
597 1118 760 1169 depulsa
788 1119 919 1157 herbis
947 1124 987 1157 et
1013 1126 1147 1170 tepore
1175 1134 1296 1159 verno

104 1185 312 1222 nitescunt.
370 1183 466 1221 villa
485 1183 620 1221 usibus
649 1197 782 1234 capax,
805 1197 885 1221 non
905 1190 1136 1234 sumptuosa
1156 1187 1292 1224 tutela.

103 1249 210 1287 cuius
230 1248 271 1286 in
291 1248 416 1298 prima
436 1254 547 1299 parte
563 1248 707 1286 atrium
723 1248 827 1298 frugi
843 1261 912 1286 nec
929 1253 1061 1286 tamen
1078 1249 1293 1297 sordidum,

103 1313 245 1352 deinde
258 1313 431 1363 porticus
444 1312 485 1350 in
496 1312 532 1350 D
546 1312 702 1350 litterae
715 1312 1014 1350 similitudinem
1027 1313 1295 1360 circumactae,

103 1378 245 1429 quibus
270 1377 436 1427 parvula
463 1376 532 1415 sed
560 1376 701 1414 festiva
729 1390 820 1414 area
847 1376 1074 1424 includitur,
1096 1379 1295 1429 egregium

102 1442 291 1481 adversus
321 1446 576 1492 tempestates
610 1440 924 1491 receptaculum:
971 1454 1062 1479 nam
1092 1443 1297 1491 speculari-

103 1508 174 1546 bus
200 1521 242 1545 ac
272 1506 397 1544 multo
425 1506 549 1557 magis
575 1505 875 1544 imminentibus
903 1506 1020 1544 tectis
1048 1508 1291 1546 muniuntur.

103 1578 162 1611 est
192 1576 328 1610 contra
357 1570 506 1609 medias
536 1570 766 1609 cavaedium
794 1570 930 1618 hilare,
957 1584 1051 1610 mox
1080 1572 1294 1611 triclinium

102 1637 196 1675 satis
224 1635 442 1687 pulchrum,
465 1635 571 1686 quod
599 1635 640 1673 in
669 1635 763 1673 litus
789 1635 974 1681 excurrit,
1002 1649 1045 1673 ac
1074 1637 1106 1674 si
1137 1638 1295 1687 quando

103 1701 236 1739 Africo
266 1713 373 1738 mare
403 1700 603 1750 inpulsum
633 1706 702 1747 est,
733 1700 867 1738 fractis
895 1700 973 1738 iam
1002 1706 1041 1739 et
1072 1702 1294 1741 novissimis

103 1765 286 1803 fluctibus
312 1764 454 1803 leviter
480 1764 666 1802 adluitur.
738 1764 913 1815 undique
933 1765 1066 1804 valvas
1096 1772 1165 1804 aut
1192 1767 1294 1806 fene-

103 1835 202 1868 stras
221 1842 301 1868 non
320 1829 492 1867 minores
513 1829 637 1867 valvis
656 1829 788 1875 habet,
810 1835 927 1880 atque
947 1830 1005 1868 ita
1023 1843 1045 1868 a
1065 1830 1252 1870 lateribus
1273 1847 1296 1871 a

102 1894 231 1932 fronte
247 1894 358 1944 quasi
374 1893 452 1931 tria
466 1893 590 1931 maria
604 1899 828 1944 prospectat
844 1908 853 1940 3
881 1907 904 1932 a
923 1902 1034 1945 tergo
1054 1896 1291 1944 cavaedium,

103 1958 308 2008 porticum,
330 1971 471 2004 aream,
491 1957 688 2008 porticum
714 1970 860 2004 rursus,
881 1971 975 1996 mox
1000 1959 1155 2007 atrium,
1177 1961 1294 1999 silvas

1315 414 1335 442 10

1322 871 1334 901 hv

1314 1258 1333 1286 4

1313 1583 1332 1611 5

103 2028 143 2060 et
174 2022 408 2073 longinquos
441 2022 599 2072 respicit
639 2027 804 2060 montes.
877 2022 992 2061 huius
1031 2037 1053 2062 a
1090 2024 1201 2063 laeva
1238 2034 1330 2065 re-6

105 2087 265 2125 tractius
295 2086 411 2136 paulo
441 2086 663 2125 cubiculum
697 2092 756 2125 est
789 2086 973 2137 amplum,
1009 2087 1151 2128 deinde
1184 2090 1292 2128 aliud
