1492 2469
145 234 195 271 60
645 233 684 268 C.
703 233 834 266 PLINI

145 337 185 375 in
205 337 377 376 triclinio
406 337 576 376 dantur:
606 351 654 376 ex
684 338 829 376 iudicio
858 339 898 377 in
928 339 1116 377 iudicium
1136 340 1221 389 pari
1241 352 1337 378 mer-

104 402 237 443 5cede
270 403 471 440 transitur.
541 402 632 441 inde
670 403 747 441 iam
785 416 863 441 non
901 403 1092 441 inurbane
1129 405 1337 451 σοφοκλεῖς

143 472 338 505 vocantur
351 466 441 519 [ἀπὸ
458 467 525 504 τοῦ
537 468 665 515 σοφῶς
679 467 741 504 καὶ
755 467 975 520 καλεῖσθαι]
987 483 993 505 :
1015 468 1139 506 isdem
1151 468 1335 506 Latinum

105 542 124 572 6
146 545 288 570 nomen
318 532 533 582 inpositum
564 539 623 570 est
652 532 858 571 laudiceni.
931 539 970 571 et
989 539 1122 570 tamen
1143 534 1279 571 crescit
1296 533 1336 571 in

146 597 229 635 (lies
249 597 417 635 foeditas
438 602 604 647 utraque
620 597 755 648 lingua
770 603 917 636 notata.
973 597 1064 636 here
1085 598 1163 636 duo
1183 611 1337 636 nomen-

144 661 309 700 clatores
338 662 415 699 mei
445 661 610 713 (habent
639 675 730 700 sane
759 668 928 699 aetatem
959 675 1093 700 eorum
1119 662 1186 712 qui
1214 674 1338 711 nuper

143 731 254 777 togas
284 726 542 777 sumpserint)
569 727 692 765 ternis
719 726 889 765 denariis
916 726 965 764 ad
993 726 1235 764 laudandum
1263 732 1338 764 tra-

105 799 123 831 7
143 790 351 829 hebantur.
424 791 528 829 tanti
557 796 711 829 constat
744 797 790 829 ut
819 791 870 828 sis
905 791 1195 829 disertissimus.
1265 791 1338 829 hoc

144 854 273 904 pretio
307 854 526 904 quamlibet
558 868 767 893 numerosa
803 855 986 893 subsellia
1018 855 1232 905 inplentur,
1266 855 1338 894 hoc

144 920 283 970 ingens
318 933 461 957 corona
495 919 705 971 colligitur,
735 920 808 958 hoc
841 920 987 957 infiniti
1021 920 1207 958 clamores
1240 933 1339 958 com-

144 989 365 1031 moventur,
397 997 484 1022 cum
513 984 764 1023 mesochorus
794 984 905 1022 dedit
939 985 1117 1035 signum:
1156 997 1253 1035 opus
1281 990 1340 1022 est

144 1049 249 1087 enim
287 1049 399 1099 signo
437 1049 542 1099 apud
590 1062 669 1087 non
716 1048 1000 1099 intellegentes,
1039 1062 1089 1087 ne
1135 1049 1339 1087 audientes

106 1123 125 1154 8
143 1113 304 1164 quidem
320 1128 329 1161 ς
362 1127 454 1151 nam
483 1113 658 1164 plerique
688 1127 768 1151 non
802 1113 980 1160 audiunt,
1013 1126 1084 1151 nec
1112 1113 1184 1151 ulli
1216 1114 1339 1164 magis

143 1178 317 1217 laudant.
390 1178 423 1216 si
450 1178 608 1228 quando
635 1178 821 1216 transibis
850 1191 919 1228 per
944 1177 1144 1216 basilicam
1171 1184 1210 1216 ct
1232 1178 1339 1217 voles

145 1244 241 1281 scire
262 1256 340 1293 quo
360 1243 479 1281 modo
506 1243 672 1293 quisque
699 1242 814 1289 dicat,
837 1242 937 1280 nihil
960 1248 1020 1280 est
1039 1242 1145 1292 quod
1165 1243 1337 1281 tribunal

145 1307 342 1353 ascendas,
357 1307 457 1345 nihil
478 1307 584 1357 quod
601 1307 786 1357 praebeas
802 1320 936 1345 aurem
951 1321 961 1354 3
991 1307 1114 1345 facilis
1130 1307 1337 1346 divinatio:

146 1372 243 1410 scito
281 1385 371 1410 eum
410 1372 577 1422 pessime
617 1372 746 1410 dicere
784 1371 851 1422 qui
888 1371 1116 1409 laudabitur
1155 1372 1335 1411 maxime.

106 1451 126 1481 9
144 1437 293 1487 primus
309 1436 414 1475 hunc
433 1436 622 1474 audiendi
641 1449 791 1474 morem
806 1436 967 1474 induxit
985 1435 1151 1487 Largius
1168 1436 1336 1483 Licinus,

87 1518 126 1549 μ)
144 1502 332 1540 hactenus
353 1507 487 1539 tamen
516 1506 561 1538 ut
589 1500 790 1539 auditores
818 1505 1063 1551 corrogaret:
1092 1500 1149 1538 ita
1167 1505 1271 1538 certe
1291 1514 1339 1538 ex

145 1565 402 1613 Quintiliano,
425 1570 680 1615 praeceptore
708 1578 807 1611 meo,
829 1564 984 1602 audisse
1012 1564 1185 1603 memini.
1255 1578 1339 1602 nar-

145 1630 257 1668 rabat
288 1629 354 1668 ille
388 1629 640 1667 ‘adsectabar
668 1629 890 1667 Domitium
919 1630 1084 1667 Afrum:
1114 1642 1202 1667 cum
1234 1630 1338 1680 apud

144 1694 412 1733 centumviros
446 1694 595 1732 diceret
628 1694 802 1745 graviter
826 1699 866 1732 et
893 1693 999 1732 lente
1029 1693 1118 1745 (hoc
1147 1693 1251 1732 enim
1281 1694 1337 1732 illi

144 1759 309 1797 actionis
347 1771 470 1810 genus
504 1761 616 1808 erat),
653 1758 765 1796 audit
797 1772 846 1796 ex
879 1758 1059 1808 proximo
1096 1758 1337 1797 inmodicum

143 1823 427 1873 insolitumque
475 1823 695 1861 clamorem.
761 1822 978 1860 admiratus
1024 1823 1192 1860 reticuit.
1270 1823 1338 1861 ubi

86 1903 121 1934 11
143 1888 342 1927 silentium
362 1888 508 1926 factum
530 1894 598 1935 est,
622 1887 781 1938 repetiit
801 1887 906 1937 quod
926 1887 1144 1937 abruperat.
1194 1887 1337 1925 iterum

143 1954 299 1999 clamor,
320 1953 467 1991 iterum
487 1952 656 1998 reticuit,
679 1957 717 1990 et
743 1956 832 2002 post
859 1951 1059 1989 silentium
1085 1952 1214 2001 coepit
1232 1950 1336 1989 idern

143 2018 270 2057 tertio,
343 2017 555 2055 novissime
577 2017 664 2067 quis
686 2016 832 2054 diceret
858 2015 1077 2066 quaesivit:
1107 2028 1337 2065 responsum

144 2089 203 2121 cst
243 2081 446 2120 ‘Licinus'
516 2086 602 2119 tum
639 2081 864 2119 intermissa
901 2093 1017 2118 causa
1057 2079 1336 2117 ‘centumviri’
