<?xml version="1.0" encoding="UTF-8"?>
<!DOCTYPE html PUBLIC "-//W3C//DTD XHTML 1.0 Transitional//EN"
    "http://www.w3.org/TR/xhtml1/DTD/xhtml1-transitional.dtd">
<html xmlns="http://www.w3.org/1999/xhtml" xml:lang="en" lang="en">
 <head>
  <title>
</title>
<meta http-equiv="Content-Type" content="text/html;charset=utf-8" />
  <meta name='ocr-system' content='tesseract 3.04.00' />
  <meta name='ocr-capabilities' content='ocr_page ocr_carea ocr_par ocr_line ocrx_word'/>
</head>
<body>
  <div class='ocr_page' id='page_1' title='image "./epistularumlibri00plinuoft_0103.png"; bbox 0 0 1492 2469; ppageno 0'>
   <div class='ocr_carea' id='block_1_1' title="bbox 452 246 1306 286">
    <p class='ocr_par' dir='ltr' id='par_1_1' title="bbox 452 246 1306 286">
     <span class='ocr_line' id='line_1_1' title="bbox 452 246 1306 286; baseline -0.014 0"><span class='ocrx_word' id='word_1_1' title='bbox 452 251 791 286; x_wconf 80' lang='lat' dir='ltr'>EPISTULARUM</span> <span class='ocrx_word' id='word_1_2' title='bbox 821 250 864 280; x_wconf 91' lang='lat' dir='ltr'>II.</span> <span class='ocrx_word' id='word_1_3' title='bbox 895 258 983 280; x_wconf 73' lang='lat' dir='ltr'>xvn.</span> <span class='ocrx_word' id='word_1_4' title='bbox 1259 246 1306 282; x_wconf 75' lang='lat'>65</span> 
     </span>
    </p>
   </div>
   <div class='ocr_carea' id='block_1_2' title="bbox 119 349 1373 2084">
    <p class='ocr_par' dir='ltr' id='par_1_2' title="bbox 119 349 1373 2084">
     <span class='ocr_line' id='line_1_2' title="bbox 120 349 1369 410; baseline -0.012 -12"><span class='ocrx_word' id='word_1_5' title='bbox 120 360 317 410; x_wconf 79' lang='lat' dir='ltr'>elegantes</span> <span class='ocrx_word' id='word_1_6' title='bbox 346 371 464 408; x_wconf 86' lang='lat' dir='ltr'>quam</span> <span class='ocrx_word' id='word_1_7' title='bbox 493 362 766 406; x_wconf 76' lang='lat' dir='ltr'>sumptuosae:</span> <span class='ocrx_word' id='word_1_8' title='bbox 801 353 981 391; x_wconf 76' lang='lat' dir='ltr'>cohaeret</span> <span class='ocrx_word' id='word_1_9' title='bbox 1010 349 1134 388; x_wconf 67' lang='lat' dir='ltr'>calida</span> <span class='ocrx_word' id='word_1_10' title='bbox 1163 349 1309 399; x_wconf 73' lang='lat' dir='ltr'>piscina</span> <span class='ocrx_word' id='word_1_11' title='bbox 1331 354 1369 383; x_wconf 78' lang='lat'>12</span> 
     </span>
     <span class='ocr_line' id='line_1_3' title="bbox 121 413 1309 472; baseline -0.011 -10"><span class='ocrx_word' id='word_1_12' title='bbox 121 424 291 470; x_wconf 81' lang='lat' dir='ltr'>mirifica,</span> <span class='ocrx_word' id='word_1_13' title='bbox 314 436 363 460; x_wconf 88' lang='lat' dir='ltr'>ex</span> <span class='ocrx_word' id='word_1_14' title='bbox 391 435 469 472; x_wconf 84' lang='lat' dir='ltr'>qua</span> <span class='ocrx_word' id='word_1_15' title='bbox 498 425 679 458; x_wconf 60' lang='lat' dir='ltr'>natantes</span> <span class='ocrx_word' id='word_1_16' title='bbox 708 432 813 456; x_wconf 82' lang='lat' dir='ltr'>mare</span> <span class='ocrx_word' id='word_1_17' title='bbox 843 416 1049 466; x_wconf 75' lang='lat' dir='ltr'>aspiciunt,</span> <span class='ocrx_word' id='word_1_18' title='bbox 1077 428 1146 452; x_wconf 81' lang='lat' dir='ltr'>nec</span> <span class='ocrx_word' id='word_1_19' title='bbox 1177 413 1309 463; x_wconf 88' lang='lat' dir='ltr'>procul</span> 
     </span>
     <span class='ocr_line' id='line_1_4' title="bbox 120 477 1310 538; baseline -0.01 -12"><span class='ocrx_word' id='word_1_20' title='bbox 120 488 453 538; x_wconf 74' lang='lat' dir='ltr'>sphaeristerium,</span> <span class='ocrx_word' id='word_1_21' title='bbox 472 485 577 536; x_wconf 89' lang='lat' dir='ltr'>quod</span> <span class='ocrx_word' id='word_1_22' title='bbox 593 484 830 523; x_wconf 71' lang='lat' dir='ltr'>calidissimo</span> <span class='ocrx_word' id='word_1_23' title='bbox 850 482 918 519; x_wconf 73' lang='lat' dir='ltr'>soli</span> <span class='ocrx_word' id='word_1_24' title='bbox 941 480 1128 518; x_wconf 78' lang='lat' dir='ltr'>inclinato</span> <span class='ocrx_word' id='word_1_25' title='bbox 1150 479 1226 516; x_wconf 78' lang='lat' dir='ltr'>iam</span> <span class='ocrx_word' id='word_1_26' title='bbox 1247 477 1310 515; x_wconf 87' lang='lat' dir='ltr'>die</span> 
     </span>
     <span class='ocr_line' id='line_1_5' title="bbox 120 542 1308 599; baseline -0.008 -10"><span class='ocrx_word' id='word_1_27' title='bbox 120 552 297 590; x_wconf 82' lang='lat' dir='ltr'>occurrit.</span> <span class='ocrx_word' id='word_1_28' title='bbox 369 551 431 588; x_wconf 90' lang='lat' dir='ltr'>hic</span> <span class='ocrx_word' id='word_1_29' title='bbox 461 550 580 588; x_wconf 83' lang='lat' dir='ltr'>turris</span> <span class='ocrx_word' id='word_1_30' title='bbox 610 549 784 599; x_wconf 75' lang='lat' dir='ltr'>erigitur,</span> <span class='ocrx_word' id='word_1_31' title='bbox 816 547 888 584; x_wconf 76' lang='lat' dir='ltr'>sub</span> <span class='ocrx_word' id='word_1_32' title='bbox 917 559 993 595; x_wconf 80' lang='lat' dir='ltr'>qua</span> <span class='ocrx_word' id='word_1_33' title='bbox 1019 545 1171 582; x_wconf 78' lang='lat' dir='ltr'>diaetae</span> <span class='ocrx_word' id='word_1_34' title='bbox 1197 542 1308 588; x_wconf 82' lang='lat' dir='ltr'>duae,</span> 
     </span>
     <span class='ocr_line' id='line_1_6' title="bbox 120 608 1309 665; baseline -0.008 -11"><span class='ocrx_word' id='word_1_35' title='bbox 120 616 289 654; x_wconf 86' lang='lat' dir='ltr'>totidem</span> <span class='ocrx_word' id='word_1_36' title='bbox 320 616 360 653; x_wconf 92' lang='lat' dir='ltr'>in</span> <span class='ocrx_word' id='word_1_37' title='bbox 394 616 488 665; x_wconf 84' lang='lat' dir='ltr'>ipsa,</span> <span class='ocrx_word' id='word_1_38' title='bbox 520 619 720 665; x_wconf 78' lang='lat' dir='ltr'>praeterea</span> <span class='ocrx_word' id='word_1_39' title='bbox 750 612 912 657; x_wconf 82' lang='lat' dir='ltr'>cenatio,</span> <span class='ocrx_word' id='word_1_40' title='bbox 944 623 1042 660; x_wconf 86' lang='lat' dir='ltr'>quae</span> <span class='ocrx_word' id='word_1_41' title='bbox 1077 608 1309 646; x_wconf 82' lang='lat' dir='ltr'>latissimum</span> 
     </span>
     <span class='ocr_line' id='line_1_7' title="bbox 120 673 1309 730; baseline -0.007 -12"><span class='ocrx_word' id='word_1_42' title='bbox 120 694 237 728; x_wconf 88' lang='lat' dir='ltr'>mare,</span> <span class='ocrx_word' id='word_1_43' title='bbox 259 680 531 730; x_wconf 79' lang='lat' dir='ltr'>longissimum</span> <span class='ocrx_word' id='word_1_44' title='bbox 551 678 654 723; x_wconf 69' lang='lat' dir='ltr'>litus,</span> <span class='ocrx_word' id='word_1_45' title='bbox 671 678 783 715; x_wconf 65' lang='lat' dir='ltr'>villas</span> <span class='ocrx_word' id='word_1_46' title='bbox 804 675 1095 714; x_wconf 68' lang='lat' dir='ltr'>aumenissimas·</span> <span class='ocrx_word' id='word_1_47' title='bbox 1112 673 1309 724; x_wconf 76' lang='lat' dir='ltr'>prospicit.</span> 
     </span>
     <span class='ocr_line' id='line_1_8' title="bbox 120 738 1371 788; baseline -0.007 -4"><span class='ocrx_word' id='word_1_48' title='bbox 120 751 180 783; x_wconf 83' lang='lat' dir='ltr'>est</span> <span class='ocrx_word' id='word_1_49' title='bbox 217 751 256 784; x_wconf 87' lang='lat' dir='ltr'>et</span> <span class='ocrx_word' id='word_1_50' title='bbox 295 745 371 783; x_wconf 81' lang='lat' dir='ltr'>alia</span> <span class='ocrx_word' id='word_1_51' title='bbox 409 745 552 782; x_wconf 79' lang='lat' dir='ltr'>turris:</span> <span class='ocrx_word' id='word_1_52' title='bbox 600 744 639 781; x_wconf 88' lang='lat' dir='ltr'>in</span> <span class='ocrx_word' id='word_1_53' title='bbox 679 743 748 780; x_wconf 76' lang='lat' dir='ltr'>hac</span> <span class='ocrx_word' id='word_1_54' title='bbox 788 741 1018 787; x_wconf 77' lang='lat' dir='ltr'>cubiculum,</span> <span class='ocrx_word' id='word_1_55' title='bbox 1060 739 1100 777; x_wconf 91' lang='lat' dir='ltr'>in</span> <span class='ocrx_word' id='word_1_56' title='bbox 1139 752 1216 788; x_wconf 82' lang='lat' dir='ltr'>quo</span> <span class='ocrx_word' id='word_1_57' title='bbox 1255 738 1312 776; x_wconf 92' lang='lat' dir='ltr'>sol</span> <span class='ocrx_word' id='word_1_58' title='bbox 1332 739 1371 769; x_wconf 80' lang='lat'>13</span> 
     </span>
     <span class='ocr_line' id='line_1_9' title="bbox 121 803 1312 858; baseline -0.006 -11"><span class='ocrx_word' id='word_1_59' title='bbox 121 810 295 847; x_wconf 78' lang='lat' dir='ltr'>nascitur</span> <span class='ocrx_word' id='word_1_60' title='bbox 315 809 575 858; x_wconf 80' lang='lat' dir='ltr'><strong>conditurque</strong></span> <span class='ocrx_word' id='word_1_61' title='bbox 592 823 599 845; x_wconf 76' lang='grc' dir='ltr'>ε</span> <span class='ocrx_word' id='word_1_62' title='bbox 628 807 708 845; x_wconf 75' lang='lat' dir='ltr'>lata</span> <span class='ocrx_word' id='word_1_63' title='bbox 728 813 817 856; x_wconf 83' lang='lat' dir='ltr'>post</span> <span class='ocrx_word' id='word_1_64' title='bbox 837 805 1027 855; x_wconf 79' lang='lat' dir='ltr'>apotheca</span> <span class='ocrx_word' id='word_1_65' title='bbox 1047 810 1085 841; x_wconf 82' lang='lat' dir='ltr'>et</span> <span class='ocrx_word' id='word_1_66' title='bbox 1105 803 1285 841; x_wconf 88' lang='lat' dir='ltr'>horreum</span> <span class='ocrx_word' id='word_1_67' title='bbox 1305 819 1312 841; x_wconf 70' lang='grc' dir='ltr'><strong><em>ι</em></strong></span> 
     </span>
     <span class='ocr_line' id='line_1_10' title="bbox 120 868 1314 921; baseline -0.005 -10"><span class='ocrx_word' id='word_1_68' title='bbox 120 874 193 911; x_wconf 78' lang='lat' dir='ltr'>sub</span> <span class='ocrx_word' id='word_1_69' title='bbox 222 873 295 911; x_wconf 87' lang='lat' dir='ltr'>hoc</span> <span class='ocrx_word' id='word_1_70' title='bbox 324 872 550 918; x_wconf 88' lang='lat' dir='ltr'>triclinium,</span> <span class='ocrx_word' id='word_1_71' title='bbox 572 870 674 921; x_wconf 76' lang='lat' dir='ltr'>quod</span> <span class='ocrx_word' id='word_1_72' title='bbox 708 871 854 908; x_wconf 78' lang='lat' dir='ltr'>turbati</span> <span class='ocrx_word' id='word_1_73' title='bbox 885 869 1003 907; x_wconf 84' lang='lat' dir='ltr'>maris</span> <span class='ocrx_word' id='word_1_74' title='bbox 1032 882 1110 905; x_wconf 87' lang='lat' dir='ltr'>non</span> <span class='ocrx_word' id='word_1_75' title='bbox 1140 868 1215 905; x_wconf 76' lang='lat' dir='ltr'>uisi</span> <span class='ocrx_word' id='word_1_76' title='bbox 1241 868 1314 905; x_wconf 81' lang='lat' dir='ltr'>fra-</span> 
     </span>
     <span class='ocr_line' id='line_1_11' title="bbox 119 933 1314 987; baseline -0.006 -11"><span class='ocrx_word' id='word_1_77' title='bbox 119 951 254 987; x_wconf 70' lang='lat' dir='ltr'>gorem</span> <span class='ocrx_word' id='word_1_78' title='bbox 283 943 323 976; x_wconf 88' lang='lat' dir='ltr'>et</span> <span class='ocrx_word' id='word_1_79' title='bbox 351 951 490 975; x_wconf 87' lang='lat' dir='ltr'>sonum</span> <span class='ocrx_word' id='word_1_80' title='bbox 521 937 682 987; x_wconf 80' lang='lat' dir='ltr'>patitur,</span> <span class='ocrx_word' id='word_1_81' title='bbox 713 948 880 984; x_wconf 67' lang='lat' dir='ltr'>eumque</span> <span class='ocrx_word' id='word_1_82' title='bbox 909 935 986 972; x_wconf 82' lang='lat' dir='ltr'>iam</span> <span class='ocrx_word' id='word_1_83' title='bbox 1015 933 1243 983; x_wconf 72' lang='lat' dir='ltr'>languidum</span> <span class='ocrx_word' id='word_1_84' title='bbox 1274 938 1314 971; x_wconf 86' lang='lat' dir='ltr'>et</span> 
     </span>
     <span class='ocr_line' id='line_1_12' title="bbox 120 998 1312 1050; baseline -0.002 -12"><span class='ocrx_word' id='word_1_85' title='bbox 120 1002 389 1049; x_wconf 75' lang='lat' dir='ltr'>‹lesinentem3</span> <span class='ocrx_word' id='word_1_86' title='bbox 418 1001 577 1039; x_wconf 87' lang='lat' dir='ltr'>hortum</span> <span class='ocrx_word' id='word_1_87' title='bbox 598 1006 637 1037; x_wconf 88' lang='lat' dir='ltr'>et</span> <span class='ocrx_word' id='word_1_88' title='bbox 656 999 917 1050; x_wconf 70' lang='lat' dir='ltr'>gestationem</span> <span class='ocrx_word' id='word_1_89' title='bbox 936 998 1055 1044; x_wconf 77' lang='lat' dir='ltr'>videt,</span> <span class='ocrx_word' id='word_1_90' title='bbox 1078 1012 1154 1047; x_wconf 77' lang='lat' dir='ltr'>qua</span> <span class='ocrx_word' id='word_1_91' title='bbox 1175 998 1312 1036; x_wconf 82' lang='lat' dir='ltr'>hortus</span> 
     </span>
     <span class='ocr_line' id='line_1_13' title="bbox 120 1061 1372 1116; baseline -0.003 -12"><span class='ocrx_word' id='word_1_92' title='bbox 120 1067 343 1104; x_wconf 86' lang='lat' dir='ltr'>includitur.</span> <span class='ocrx_word' id='word_1_93' title='bbox 403 1066 570 1116; x_wconf 76' lang='lat' dir='ltr'>gestatio</span> <span class='ocrx_word' id='word_1_94' title='bbox 590 1066 696 1103; x_wconf 81' lang='lat' dir='ltr'>buxo</span> <span class='ocrx_word' id='word_1_95' title='bbox 717 1071 786 1102; x_wconf 80' lang='lat' dir='ltr'>aut</span> <span class='ocrx_word' id='word_1_96' title='bbox 807 1077 892 1101; x_wconf 85' lang='lat' dir='ltr'>rore</span> <span class='ocrx_word' id='word_1_97' title='bbox 912 1064 1076 1106; x_wconf 78' lang='lat' dir='ltr'>marino,</span> <span class='ocrx_word' id='word_1_98' title='bbox 1094 1063 1159 1101; x_wconf 87' lang='lat' dir='ltr'>ubi</span> <span class='ocrx_word' id='word_1_99' title='bbox 1180 1063 1313 1101; x_wconf 88' lang='lat' dir='ltr'>deficit</span> <span class='ocrx_word' id='word_1_100' title='bbox 1333 1061 1372 1090; x_wconf 82' lang='lat'>14</span> 
     </span>
     <span class='ocr_line' id='line_1_14' title="bbox 120 1128 1313 1179; baseline -0.001 -12"><span class='ocrx_word' id='word_1_101' title='bbox 120 1131 259 1177; x_wconf 71' lang='lat' dir='ltr'>buxus,</span> <span class='ocrx_word' id='word_1_102' title='bbox 293 1131 491 1169; x_wconf 81' lang='lat' dir='ltr'><strong>ambitur:</strong></span> <span class='ocrx_word' id='word_1_103' title='bbox 531 1144 622 1168; x_wconf 83' lang='lat' dir='ltr'>nam</span> <span class='ocrx_word' id='word_1_104' title='bbox 656 1130 793 1175; x_wconf 72' lang='lat' dir='ltr'>buxus</span> <span class='ocrx_word' id='word_1_105' title='bbox 831 1142 907 1179; x_wconf 86' lang='lat' dir='ltr'>qua</span> <span class='ocrx_word' id='word_1_106' title='bbox 943 1133 1051 1178; x_wconf 85' lang='lat' dir='ltr'>parte</span> <span class='ocrx_word' id='word_1_107' title='bbox 1087 1128 1313 1166; x_wconf 83' lang='lat' dir='ltr'>defenditur</span> 
     </span>
     <span class='ocr_line' id='line_1_15' title="bbox 120 1193 1312 1245; baseline -0.003 -11"><span class='ocrx_word' id='word_1_108' title='bbox 120 1197 245 1243; x_wconf 86' lang='lat' dir='ltr'>tectis,</span> <span class='ocrx_word' id='word_1_109' title='bbox 281 1195 436 1234; x_wconf 82' lang='lat' dir='ltr'><strong>abunde</strong></span> <span class='ocrx_word' id='word_1_110' title='bbox 474 1196 600 1242; x_wconf 78' lang='lat' dir='ltr'>viret3</span> <span class='ocrx_word' id='word_1_111' title='bbox 644 1200 780 1245; x_wconf 79' lang='lat' dir='ltr'>aperto</span> <span class='ocrx_word' id='word_1_112' title='bbox 809 1193 913 1231; x_wconf 86' lang='lat' dir='ltr'>caelo</span> <span class='ocrx_word' id='word_1_113' title='bbox 944 1199 1156 1243; x_wconf 77' lang='lat' dir='ltr'>apertoque</span> <span class='ocrx_word' id='word_1_114' title='bbox 1193 1199 1312 1232; x_wconf 87' lang='lat' dir='ltr'>vento</span> 
     </span>
     <span class='ocr_line' id='line_1_16' title="bbox 120 1258 1310 1311; baseline -0.001 -13"><span class='ocrx_word' id='word_1_115' title='bbox 120 1267 158 1298; x_wconf 87' lang='lat' dir='ltr'>et</span> <span class='ocrx_word' id='word_1_116' title='bbox 193 1274 431 1311; x_wconf 86' lang='lat' dir='ltr'>quamquam</span> <span class='ocrx_word' id='word_1_117' title='bbox 470 1260 683 1311; x_wconf 77' lang='lat' dir='ltr'>longinqua</span> <span class='ocrx_word' id='word_1_118' title='bbox 723 1258 926 1309; x_wconf 63' lang='lat' dir='ltr'>aspergine</span> <span class='ocrx_word' id='word_1_119' title='bbox 963 1258 1081 1295; x_wconf 73' lang='lat' dir='ltr'>maris</span> <span class='ocrx_word' id='word_1_120' title='bbox 1119 1258 1310 1297; x_wconf 81' lang='lat' dir='ltr'>inarescit.</span> 
     </span>
     <span class='ocr_line' id='line_1_17' title="bbox 120 1323 1372 1375; baseline 0 -13"><span class='ocrx_word' id='word_1_121' title='bbox 120 1325 271 1363; x_wconf 82' lang='lat' dir='ltr'>adiacet</span> <span class='ocrx_word' id='word_1_122' title='bbox 299 1325 509 1375; x_wconf 77' lang='lat' dir='ltr'>gestationi</span> <span class='ocrx_word' id='word_1_123' title='bbox 537 1325 721 1362; x_wconf 83' lang='lat' dir='ltr'>interiore</span> <span class='ocrx_word' id='word_1_124' title='bbox 748 1324 955 1361; x_wconf 88' lang='lat' dir='ltr'>circumitu</span> <span class='ocrx_word' id='word_1_125' title='bbox 977 1323 1092 1361; x_wconf 82' lang='lat' dir='ltr'>vinea</span> <span class='ocrx_word' id='word_1_126' title='bbox 1119 1330 1255 1362; x_wconf 82' lang='lat' dir='ltr'>tenera</span> <span class='ocrx_word' id='word_1_127' title='bbox 1275 1330 1313 1363; x_wconf 92' lang='lat' dir='ltr'>et</span> <span class='ocrx_word' id='word_1_128' title='bbox 1334 1323 1372 1353; x_wconf 80' lang='lat'>¹5</span> 
     </span>
     <span class='ocr_line' id='line_1_18' title="bbox 120 1387 1310 1439; baseline 0 -12"><span class='ocrx_word' id='word_1_129' title='bbox 120 1389 303 1427; x_wconf 88' lang='lat' dir='ltr'>umbrosa</span> <span class='ocrx_word' id='word_1_130' title='bbox 336 1389 531 1439; x_wconf 86' lang='lat' dir='ltr'>nudisque</span> <span class='ocrx_word' id='word_1_131' title='bbox 565 1389 683 1427; x_wconf 90' lang='lat' dir='ltr'>etiam</span> <span class='ocrx_word' id='word_1_132' title='bbox 722 1387 888 1438; x_wconf 83' lang='lat' dir='ltr'>pedibus</span> <span class='ocrx_word' id='word_1_133' title='bbox 919 1387 1048 1425; x_wconf 88' lang='lat' dir='ltr'>mollis</span> <span class='ocrx_word' id='word_1_134' title='bbox 1086 1394 1125 1426; x_wconf 85' lang='lat' dir='ltr'>et</span> <span class='ocrx_word' id='word_1_135' title='bbox 1159 1388 1310 1427; x_wconf 85' lang='lat' dir='ltr'>cedens.</span> 
     </span>
     <span class='ocr_line' id='line_1_19' title="bbox 123 1453 1311 1504; baseline 0 -12"><span class='ocrx_word' id='word_1_136' title='bbox 123 1455 282 1492; x_wconf 89' lang='lat' dir='ltr'>hortum</span> <span class='ocrx_word' id='word_1_137' title='bbox 329 1467 462 1492; x_wconf 82' lang='lat' dir='ltr'>morus</span> <span class='ocrx_word' id='word_1_138' title='bbox 510 1459 550 1491; x_wconf 88' lang='lat' dir='ltr'>et</span> <span class='ocrx_word' id='word_1_139' title='bbox 597 1454 691 1491; x_wconf 83' lang='lat' dir='ltr'>ficus</span> <span class='ocrx_word' id='word_1_140' title='bbox 738 1453 921 1502; x_wconf 66' lang='lat' dir='ltr'>frequens</span> <span class='ocrx_word' id='word_1_141' title='bbox 966 1453 1097 1498; x_wconf 81' lang='lat' dir='ltr'>vestit,</span> <span class='ocrx_word' id='word_1_142' title='bbox 1146 1467 1311 1504; x_wconf 83' lang='lat' dir='ltr'>quarum</span> 
     </span>
     <span class='ocr_line' id='line_1_20' title="bbox 121 1518 1314 1570; baseline 0.002 -15"><span class='ocrx_word' id='word_1_143' title='bbox 121 1519 304 1556; x_wconf 77' lang='lat' dir='ltr'>arborum</span> <span class='ocrx_word' id='word_1_144' title='bbox 333 1518 400 1556; x_wconf 83' lang='lat' dir='ltr'>illa</span> <span class='ocrx_word' id='word_1_145' title='bbox 430 1518 491 1556; x_wconf 78' lang='lat' dir='ltr'>vel</span> <span class='ocrx_word' id='word_1_146' title='bbox 520 1518 691 1555; x_wconf 77' lang='lat' dir='ltr'>maxime</span> <span class='ocrx_word' id='word_1_147' title='bbox 724 1518 833 1555; x_wconf 80' lang='lat' dir='ltr'>ferax</span> <span class='ocrx_word' id='word_1_148' title='bbox 868 1524 973 1555; x_wconf 86' lang='lat' dir='ltr'>terra</span> <span class='ocrx_word' id='word_1_149' title='bbox 1001 1524 1071 1562; x_wconf 77' lang='lat' dir='ltr'>est,</span> <span class='ocrx_word' id='word_1_150' title='bbox 1106 1518 1314 1570; x_wconf 78' lang='lat' dir='ltr'>malignior</span> 
     </span>
     <span class='ocr_line' id='line_1_21' title="bbox 122 1582 1312 1631; baseline 0.002 -11"><span class='ocrx_word' id='word_1_151' title='bbox 122 1583 272 1621; x_wconf 81' lang='lat' dir='ltr'>ceteris.</span> <span class='ocrx_word' id='word_1_152' title='bbox 343 1582 414 1620; x_wconf 83' lang='lat' dir='ltr'>hac</span> <span class='ocrx_word' id='word_1_153' title='bbox 445 1596 523 1620; x_wconf 90' lang='lat' dir='ltr'>non</span> <span class='ocrx_word' id='word_1_154' title='bbox 553 1582 748 1620; x_wconf 87' lang='lat' dir='ltr'>deteriore</span> <span class='ocrx_word' id='word_1_155' title='bbox 769 1595 886 1631; x_wconf 82' lang='lat' dir='ltr'>quam</span> <span class='ocrx_word' id='word_1_156' title='bbox 906 1582 1024 1619; x_wconf 82' lang='lat' dir='ltr'>maris</span> <span class='ocrx_word' id='word_1_157' title='bbox 1043 1582 1140 1621; x_wconf 88' lang='lat' dir='ltr'>facie</span> <span class='ocrx_word' id='word_1_158' title='bbox 1161 1584 1312 1622; x_wconf 85' lang='lat' dir='ltr'>cenatio</span> 
     </span>
     <span class='ocr_line' id='line_1_22' title="bbox 122 1646 1310 1700; baseline 0 -14"><span class='ocrx_word' id='word_1_159' title='bbox 122 1653 272 1686; x_wconf 83' lang='lat' dir='ltr'>remota</span> <span class='ocrx_word' id='word_1_160' title='bbox 287 1661 309 1686; x_wconf 82' lang='lat' dir='ltr'>a</span> <span class='ocrx_word' id='word_1_161' title='bbox 323 1647 422 1686; x_wconf 84' lang='lat' dir='ltr'>mari</span> <span class='ocrx_word' id='word_1_162' title='bbox 438 1648 607 1685; x_wconf 81' lang='lat' dir='ltr'>fruitur:</span> <span class='ocrx_word' id='word_1_163' title='bbox 637 1647 809 1697; x_wconf 79' lang='lat' dir='ltr'>cingitur</span> <span class='ocrx_word' id='word_1_164' title='bbox 823 1646 964 1684; x_wconf 82' lang='lat' dir='ltr'>diaetis</span> <span class='ocrx_word' id='word_1_165' title='bbox 980 1646 1132 1685; x_wconf 84' lang='lat' dir='ltr'>duabus</span> <span class='ocrx_word' id='word_1_166' title='bbox 1153 1662 1175 1686; x_wconf 82' lang='lat' dir='ltr'>a</span> <span class='ocrx_word' id='word_1_167' title='bbox 1189 1654 1310 1700; x_wconf 84' lang='lat' dir='ltr'>tergo,</span> 
     </span>
     <span class='ocr_line' id='line_1_23' title="bbox 122 1710 1313 1763; baseline 0.001 -13"><span class='ocrx_word' id='word_1_168' title='bbox 122 1726 284 1763; x_wconf 84' lang='lat' dir='ltr'>quarum</span> <span class='ocrx_word' id='word_1_169' title='bbox 312 1712 494 1750; x_wconf 84' lang='lat' dir='ltr'>fenestris</span> <span class='ocrx_word' id='word_1_170' title='bbox 521 1712 694 1749; x_wconf 79' lang='lat' dir='ltr'>subiacet</span> <span class='ocrx_word' id='word_1_171' title='bbox 717 1711 955 1748; x_wconf 76' lang='lat' dir='ltr'>vestibulum</span> <span class='ocrx_word' id='word_1_172' title='bbox 981 1710 1096 1749; x_wconf 84' lang='lat' dir='ltr'>villae</span> <span class='ocrx_word' id='word_1_173' title='bbox 1117 1718 1156 1750; x_wconf 85' lang='lat' dir='ltr'>et</span> <span class='ocrx_word' id='word_1_174' title='bbox 1176 1712 1313 1751; x_wconf 87' lang='lat' dir='ltr'>hortus</span> 
     </span>
     <span class='ocr_line' id='line_1_24' title="bbox 122 1775 1373 1828; baseline 0.001 -13"><span class='ocrx_word' id='word_1_175' title='bbox 122 1777 219 1816; x_wconf 85' lang='lat' dir='ltr'>alius</span> <span class='ocrx_word' id='word_1_176' title='bbox 239 1777 396 1828; x_wconf 83' lang='lat' dir='ltr'>pinguis</span> <span class='ocrx_word' id='word_1_177' title='bbox 423 1782 462 1814; x_wconf 83' lang='lat' dir='ltr'>et</span> <span class='ocrx_word' id='word_1_178' title='bbox 489 1777 669 1814; x_wconf 78' lang='lat' dir='ltr'>rusticus.</span> <span class='ocrx_word' id='word_1_179' title='bbox 742 1775 833 1813; x_wconf 91' lang='lat' dir='ltr'>hinc</span> <span class='ocrx_word' id='word_1_180' title='bbox 860 1776 1173 1825; x_wconf 81' lang='lat' dir='ltr'>cryptoporticus</span> <span class='ocrx_word' id='word_1_181' title='bbox 1193 1791 1313 1828; x_wconf 81' lang='lat' dir='ltr'>prope</span> <span class='ocrx_word' id='word_1_182' title='bbox 1335 1795 1373 1825; x_wconf 80' lang='lat'>15</span> 
     </span>
     <span class='ocr_line' id='line_1_25' title="bbox 124 1839 1314 1892; baseline 0.002 -13"><span class='ocrx_word' id='word_1_183' title='bbox 124 1841 269 1892; x_wconf 86' lang='lat' dir='ltr'><strong>publici</strong></span> <span class='ocrx_word' id='word_1_184' title='bbox 289 1841 416 1891; x_wconf 88' lang='lat' dir='ltr'>operis</span> <span class='ocrx_word' id='word_1_185' title='bbox 437 1840 677 1879; x_wconf 85' lang='lat' dir='ltr'>extenditur.</span> <span class='ocrx_word' id='word_1_186' title='bbox 739 1839 937 1889; x_wconf 85' lang='lat' dir='ltr'>utrimque</span> <span class='ocrx_word' id='word_1_187' title='bbox 956 1840 1162 1888; x_wconf 83' lang='lat' dir='ltr'>fenestrae,</span> <span class='ocrx_word' id='word_1_188' title='bbox 1180 1844 1314 1881; x_wconf 81' lang='lat' dir='ltr'>amari</span> 
     </span>
     <span class='ocr_line' id='line_1_26' title="bbox 124 1903 1312 1957; baseline 0.001 -13"><span class='ocrx_word' id='word_1_189' title='bbox 124 1906 264 1957; x_wconf 85' lang='lat' dir='ltr'>plures,</span> <span class='ocrx_word' id='word_1_190' title='bbox 281 1906 329 1943; x_wconf 86' lang='lat' dir='ltr'>ab</span> <span class='ocrx_word' id='word_1_191' title='bbox 349 1905 465 1944; x_wconf 85' lang='lat' dir='ltr'>horto</span> <span class='ocrx_word' id='word_1_192' title='bbox 485 1905 672 1955; x_wconf 79' lang='lat' dir='ltr'>singulae,</span> <span class='ocrx_word' id='word_1_193' title='bbox 691 1903 758 1942; x_wconf 91' lang='lat' dir='ltr'>sed</span> <span class='ocrx_word' id='word_1_194' title='bbox 779 1903 940 1942; x_wconf 84' lang='lat' dir='ltr'>alternis</span> <span class='ocrx_word' id='word_1_195' title='bbox 960 1905 1170 1954; x_wconf 73' lang='lat' dir='ltr'>pauciores</span> <span class='ocrx_word' id='word_1_196' title='bbox 1228 1907 1312 1954; x_wconf 89' lang='lat' dir='ltr'>hae,</span> 
     </span>
     <span class='ocr_line' id='line_1_27' title="bbox 124 1969 1314 2016; baseline 0.002 -8"><span class='ocrx_word' id='word_1_197' title='bbox 124 1984 211 2008; x_wconf 89' lang='lat' dir='ltr'>cum</span> <span class='ocrx_word' id='word_1_198' title='bbox 231 1982 389 2008; x_wconf 86' lang='lat' dir='ltr'>serenus</span> <span class='ocrx_word' id='word_1_199' title='bbox 409 1969 492 2007; x_wconf 87' lang='lat' dir='ltr'>dies</span> <span class='ocrx_word' id='word_1_200' title='bbox 508 1974 548 2007; x_wconf 90' lang='lat' dir='ltr'>et</span> <span class='ocrx_word' id='word_1_201' title='bbox 563 1970 749 2015; x_wconf 82' lang='lat' dir='ltr'>inmotus,</span> <span class='ocrx_word' id='word_1_202' title='bbox 767 1982 912 2016; x_wconf 83' lang='lat' dir='ltr'>omnes,</span> <span class='ocrx_word' id='word_1_203' title='bbox 931 1982 1019 2007; x_wconf 88' lang='lat' dir='ltr'>cum</span> <span class='ocrx_word' id='word_1_204' title='bbox 1035 1969 1125 2008; x_wconf 84' lang='lat' dir='ltr'>hinc</span> <span class='ocrx_word' id='word_1_205' title='bbox 1141 1972 1201 2009; x_wconf 82' lang='lat' dir='ltr'>vel</span> <span class='ocrx_word' id='word_1_206' title='bbox 1222 1972 1314 2010; x_wconf 87' lang='lat' dir='ltr'>inde</span> 
     </span>
     <span class='ocr_line' id='line_1_28' title="bbox 123 2033 1315 2084; baseline 0.002 -11"><span class='ocrx_word' id='word_1_207' title='bbox 123 2039 264 2073; x_wconf 86' lang='lat' dir='ltr'>ventus</span> <span class='ocrx_word' id='word_1_208' title='bbox 302 2034 514 2084; x_wconf 84' lang='lat' dir='ltr'>inquietus,</span> <span class='ocrx_word' id='word_1_209' title='bbox 549 2047 626 2083; x_wconf 86' lang='lat' dir='ltr'>qua</span> <span class='ocrx_word' id='word_1_210' title='bbox 659 2033 768 2071; x_wconf 88' lang='lat' dir='ltr'>venti</span> <span class='ocrx_word' id='word_1_211' title='bbox 801 2034 1019 2083; x_wconf 79' lang='lat' dir='ltr'>quiescunt,</span> <span class='ocrx_word' id='word_1_212' title='bbox 1052 2035 1134 2073; x_wconf 90' lang='lat' dir='ltr'>sine</span> <span class='ocrx_word' id='word_1_213' title='bbox 1171 2036 1315 2075; x_wconf 85' lang='lat' dir='ltr'>iniuria</span> 
     </span>
    </p>
   </div>
   <div class='ocr_carea' id='block_1_3' title="bbox 123 2097 1373 2186">
    <p class='ocr_par' dir='ltr' id='par_1_3' title="bbox 123 2097 1373 2186">
     <span class='ocr_line' id='line_1_29' title="bbox 123 2097 1373 2150; baseline 0.005 -15"><span class='ocrx_word' id='word_1_214' title='bbox 123 2104 270 2150; x_wconf 83' lang='lat' dir='ltr'>patent.</span> <span class='ocrx_word' id='word_1_215' title='bbox 343 2103 434 2136; x_wconf 86' lang='lat' dir='ltr'>ante</span> <span class='ocrx_word' id='word_1_216' title='bbox 461 2097 792 2147; x_wconf 85' lang='lat' dir='ltr'>cryptoporticum</span> <span class='ocrx_word' id='word_1_217' title='bbox 814 2103 953 2147; x_wconf 79' lang='lat' dir='ltr'>xystus</span> <span class='ocrx_word' id='word_1_218' title='bbox 973 2099 1086 2137; x_wconf 86' lang='lat' dir='ltr'>violis</span> <span class='ocrx_word' id='word_1_219' title='bbox 1105 2100 1314 2140; x_wconf 77' lang='lat' dir='ltr'>odoratus:</span> <span class='ocrx_word' id='word_1_220' title='bbox 1336 2110 1373 2143; x_wconf 80' lang='lat'>17</span> 
     </span>
     <span class='ocr_line' id='line_1_30' title="bbox 702 2163 723 2186; baseline 0 0"><span class='ocrx_word' id='word_1_221' title='bbox 702 2163 723 2186; x_wconf 76' lang='lat' dir='ltr'>E</span> 
     </span>
    </p>
   </div>
  </div>
 </body>
</html>
