1492 2469
365 251 706 284 EPISTULARUM
731 251 758 283 I.
787 260 957 283 xxx-XVII.
1210 254 1257 289 25

67 352 295 404 levibusque
324 354 569 393 duriusculos
599 355 800 406 quosdam,
823 362 862 392 et
888 355 959 393 hoc
989 355 1101 404 quasi
1127 354 1258 393 Catul-

67 417 127 455 lus
150 424 219 456 aut
244 418 400 457 Calvus.
469 419 566 470 legit
594 419 690 457 mihi
720 433 846 469 nuper
874 420 1090 470 epistulas;
1122 420 1258 458 uxoris
1276 422 1295 453 6

66 495 148 520 esse
168 482 350 521 dicebat:
381 483 567 522 Plautum
589 483 650 521 vel
674 483 905 522 Terentium
931 490 1056 522 metro
1084 483 1257 521 solutum

67 546 141 598 legi
162 547 322 586 credidi.
393 562 490 599 quae
512 549 593 587 sive
614 549 747 587 uxoris
769 555 874 596 sunt,
895 555 940 586 ut
960 548 1153 595 adfirmat,
1176 549 1256 586 sive

65 611 198 661 ipsius,
219 618 265 650 ut
283 619 411 663 negat,
434 614 518 664 pari
547 613 671 664 gloria
699 613 841 663 dignus
870 614 937 663 qui
966 619 1036 651 aut
1063 612 1131 650 illa
1159 627 1259 651 com-

65 682 187 726 ponat
233 683 300 715 aut
347 691 521 725 uxorem,
561 691 679 727 quam
726 677 920 728 virginem
967 677 1126 727 accepit,
1175 683 1255 715 tam

63 741 215 779 doctam
239 742 480 792 politamque
500 741 726 780 reddiderit.
800 747 859 780 est
888 755 978 791 ergo
1006 755 1158 780 meeum
1188 755 1257 791 per
1275 746 1292 780 7

63 805 169 844 diem
206 812 361 844 totum:
409 807 578 845 eundem
616 812 828 856 antequam
870 807 1047 853 scribam,
1088 805 1255 844 eundem

64 884 151 909 eum
187 872 334 921 scripsi,
366 871 534 909 eundem
563 871 682 909 etiam
713 884 801 908 eum
830 873 1021 917 remittor,
1052 883 1131 908 non
1160 877 1256 908 tam-

63 948 182 985 quam
215 935 384 974 eundem
417 935 513 986 lego.
584 934 690 985 quod
724 939 763 972 te
796 948 953 984 quoque
986 939 1031 972 ut
1063 935 1181 972 facias
1216 943 1256 973 et

64 1000 199 1038 hortor
227 1006 266 1038 et
293 1013 445 1039 moneo.
516 1013 643 1050 neque
673 1001 780 1037 enim
809 999 927 1037 debet
960 999 1143 1049 operibus
1173 1000 1255 1037 eius
1273 1004 1292 1034 8

63 1065 196 1103 obesse
224 1065 329 1115 quod
358 1064 471 1102 vivit.
543 1078 592 1102 an
622 1064 653 1101 si
683 1065 788 1102 inter
815 1077 880 1102 eos
910 1076 1008 1113 quos
1037 1077 1254 1113 numquam

65 1129 233 1167 vidimus
253 1129 460 1176 floruisset,
482 1142 562 1167 non
582 1128 708 1166 solum
734 1128 853 1166 libros
874 1128 956 1166 eius
976 1141 1113 1165 verum
1134 1128 1253 1166 etiam

64 1193 252 1243 imagines
285 1193 571 1243 requireremus
589 1207 598 1240 3
640 1192 817 1230 eiusdem
852 1205 956 1230 nunc
989 1192 1117 1230 honor
1148 1206 1255 1242 prae-

62 1258 184 1296 sentis
213 1263 253 1296 et
279 1258 407 1309 gratia
435 1258 547 1308 quasi
581 1258 762 1295 satietate
796 1257 1043 1307 languescit?
1112 1262 1152 1295 at
1182 1258 1254 1296 hoc
1271 1259 1289 1291 9

61 1336 228 1373 pravum
265 1322 560 1374 malignumque
598 1327 667 1369 est,
707 1335 786 1360 non
824 1321 1011 1359 admirari
1054 1321 1253 1360 hominem

61 1387 322 1426 admiratione
387 1387 676 1438 dignissimum,
733 1387 825 1437 quia
880 1386 1024 1431 videre,
1082 1386 1254 1437 adloqui,

61 1452 207 1500 audire,
239 1451 457 1502 complecti,
488 1465 558 1489 nee
587 1451 746 1489 laudare
780 1456 937 1488 tantum
970 1464 1107 1489 verum
1135 1452 1253 1490 etiam

61 1530 192 1556 amare
211 1516 387 1567 contigit.
446 1515 542 1554 vale.

596 1663 728 1702 XVII.

245 1762 279 1792 C.
299 1762 469 1791 PLINIUS
496 1761 706 1791 CORNELIO
731 1761 904 1791 TITIANO
930 1761 1011 1792 SUO
1037 1762 1069 1793 S.

102 1842 248 1870 Titinius
279 1842 391 1876 Capito
415 1841 480 1869 had
503 1840 649 1869 obtained
673 1840 756 1869 leave
776 1839 811 1876 of
829 1840 877 1869 the
899 1840 1054 1877 Emperor
1079 1845 1107 1870 to
1128 1844 1213 1871 rai-se
1233 1852 1253 1871 a

60 1895 161 1921 statue
175 1895 204 1920 to
219 1891 256 1920 L.
274 1892 415 1920 Silanus.
460 1891 560 1926 Pliny
581 1891 682 1919 writes
703 1890 737 1918 in
758 1890 865 1926 praise
881 1890 918 1926 of
927 1891 997 1926 clais,
1015 1892 1082 1920 and
1094 1894 1254 1928 (jenerall'gl

61 1941 97 1977 of
110 1940 245 1978 Capito's
259 1951 413 1970 reverencc
422 1940 479 1977 sor
495 1941 672 1969 illu-ebriens
688 1949 764 1969 men.

114 2027 185 2065 Est
213 2027 339 2065 adhue
369 2040 482 2065 curae
511 2026 737 2065 hominibus
765 2026 861 2065 fides
891 2033 931 2066 et
958 2029 1139 2075 officium,
1162 2037 1287 2069 sunt}

61 2093 129 2143 qui
167 2092 442 2130 defunctorum
489 2104 646 2141 quoque
694 2091 838 2130 amicos
875 2099 1004 2143 agant.
1082 2094 1253 2133 Titinius
