<?xml version="1.0" encoding="UTF-8"?>
<!DOCTYPE html PUBLIC "-//W3C//DTD XHTML 1.0 Transitional//EN"
    "http://www.w3.org/TR/xhtml1/DTD/xhtml1-transitional.dtd">
<html xmlns="http://www.w3.org/1999/xhtml" xml:lang="en" lang="en">
 <head>
  <title>
</title>
<meta http-equiv="Content-Type" content="text/html;charset=utf-8" />
  <meta name='ocr-system' content='tesseract 3.04.00' />
  <meta name='ocr-capabilities' content='ocr_page ocr_carea ocr_par ocr_line ocrx_word'/>
</head>
<body>
  <div class='ocr_page' id='page_1' title='image "./epistularumlibri00plinuoft_0045.png"; bbox 0 0 1492 2469; ppageno 0'>
   <div class='ocr_carea' id='block_1_1' title="bbox 462 244 1279 283">
    <p class='ocr_par' dir='ltr' id='par_1_1' title="bbox 462 244 1279 283">
     <span class='ocr_line' id='line_1_1' title="bbox 462 244 1279 283; baseline 0 -7"><span class='ocrx_word' id='word_1_1' title='bbox 462 244 806 276; x_wconf 86' lang='lat' dir='ltr'><strong>EPISTULARUM</strong></span> <span class='ocrx_word' id='word_1_2' title='bbox 824 244 850 276; x_wconf 95' lang='lat' dir='ltr'>I.</span> <span class='ocrx_word' id='word_1_3' title='bbox 878 253 912 276; x_wconf 89' lang='lat' dir='ltr'>v.</span> <span class='ocrx_word' id='word_1_4' title='bbox 1259 248 1279 283; x_wconf 87' lang='grc'>7</span> 
     </span>
    </p>
   </div>
   <div class='ocr_carea' id='block_1_2' title="bbox 75 348 1338 2142">
    <p class='ocr_par' dir='ltr' id='par_1_2' title="bbox 75 348 1338 2142">
     <span class='ocr_line' id='line_1_2' title="bbox 90 348 1280 401; baseline -0.001 -13"><span class='ocrx_word' id='word_1_5' title='bbox 90 350 232 401; x_wconf 91' lang='lat' dir='ltr'>spondi</span> <span class='ocrx_word' id='word_1_6' title='bbox 253 363 356 387; x_wconf 88' lang='lat' dir='ltr'>nunc</span> <span class='ocrx_word' id='word_1_7' title='bbox 377 362 438 387; x_wconf 88' lang='lat' dir='ltr'>me</span> <span class='ocrx_word' id='word_1_8' title='bbox 459 349 686 400; x_wconf 81' lang='lat' dir='ltr'>intellegere</span> <span class='ocrx_word' id='word_1_9' title='bbox 710 348 880 399; x_wconf 85' lang='lat' dir='ltr'>maligne</span> <span class='ocrx_word' id='word_1_10' title='bbox 900 348 1064 393; x_wconf 87' lang='lat' dir='ltr'>dictum,</span> <span class='ocrx_word' id='word_1_11' title='bbox 1087 349 1178 399; x_wconf 87' lang='lat' dir='ltr'>quia</span> <span class='ocrx_word' id='word_1_12' title='bbox 1199 349 1280 399; x_wconf 87' lang='lat' dir='ltr'>ipse</span> 
     </span>
     <span class='ocr_line' id='line_1_3' title="bbox 89 412 1277 464; baseline -0.002 -11"><span class='ocrx_word' id='word_1_13' title='bbox 89 415 343 453; x_wconf 88' lang='lat' dir='ltr'>confiteretur</span> <span class='ocrx_word' id='word_1_14' title='bbox 356 429 365 462; x_wconf 78' lang='lat'>3</span> <span class='ocrx_word' id='word_1_15' title='bbox 396 418 567 452; x_wconf 87' lang='lat' dir='ltr'>ceterum</span> <span class='ocrx_word' id='word_1_16' title='bbox 583 413 756 464; x_wconf 88' lang='lat' dir='ltr'>potuisse</span> <span class='ocrx_word' id='word_1_17' title='bbox 777 412 1033 451; x_wconf 86' lang='lat' dir='ltr'>honorificum</span> <span class='ocrx_word' id='word_1_18' title='bbox 1050 414 1277 451; x_wconf 87' lang='lat' dir='ltr'>existimari.</span> 
     </span>
     <span class='ocr_line' id='line_1_4' title="bbox 92 476 1277 527; baseline 0 -12"><span class='ocrx_word' id='word_1_19' title='bbox 92 483 176 516; x_wconf 88' lang='lat' dir='ltr'>‘est</span> <span class='ocrx_word' id='word_1_20' title='bbox 209 477 338 515; x_wconf 87' lang='lat' dir='ltr'>enim&#39;</span> <span class='ocrx_word' id='word_1_21' title='bbox 368 477 530 527; x_wconf 85' lang='lat' dir='ltr'>inquam</span> <span class='ocrx_word' id='word_1_22' title='bbox 562 476 683 514; x_wconf 81' lang='lat' dir='ltr'>‘mihi</span> <span class='ocrx_word' id='word_1_23' title='bbox 712 490 800 514; x_wconf 91' lang='lat' dir='ltr'>cum</span> <span class='ocrx_word' id='word_1_24' title='bbox 834 476 1021 515; x_wconf 83' lang='lat' dir='ltr'>Cicerone</span> <span class='ocrx_word' id='word_1_25' title='bbox 1056 477 1277 525; x_wconf 73' lang='lat' dir='ltr'>aemulatio,</span> 
     </span>
     <span class='ocr_line' id='line_1_5' title="bbox 88 541 1338 591; baseline 0 -11"><span class='ocrx_word' id='word_1_26' title='bbox 88 556 159 581; x_wconf 87' lang='lat' dir='ltr'>nee</span> <span class='ocrx_word' id='word_1_27' title='bbox 188 555 271 580; x_wconf 89' lang='lat' dir='ltr'>sum</span> <span class='ocrx_word' id='word_1_28' title='bbox 308 547 517 580; x_wconf 88' lang='lat' dir='ltr'>contentus</span> <span class='ocrx_word' id='word_1_29' title='bbox 547 541 770 591; x_wconf 77' lang='lat' dir='ltr'>eloquentia</span> <span class='ocrx_word' id='word_1_30' title='bbox 804 541 947 579; x_wconf 84' lang='lat' dir='ltr'>saeculi</span> <span class='ocrx_word' id='word_1_31' title='bbox 981 542 1116 579; x_wconf 83' lang='lat' dir='ltr'>nostri.</span> <span class='ocrx_word' id='word_1_32' title='bbox 1188 555 1279 580; x_wconf 90' lang='lat' dir='ltr'>nam</span> <span class='ocrx_word' id='word_1_33' title='bbox 1300 551 1338 581; x_wconf 82' lang='lat'>13</span> 
     </span>
     <span class='ocr_line' id='line_1_6' title="bbox 87 605 1279 656; baseline -0.001 -11"><span class='ocrx_word' id='word_1_34' title='bbox 87 606 366 645; x_wconf 88' lang='lat' dir='ltr'>stultissimum</span> <span class='ocrx_word' id='word_1_35' title='bbox 387 605 502 644; x_wconf 89' lang='lat' dir='ltr'>credo</span> <span class='ocrx_word' id='word_1_36' title='bbox 519 605 567 643; x_wconf 85' lang='lat' dir='ltr'>ad</span> <span class='ocrx_word' id='word_1_37' title='bbox 588 605 825 643; x_wconf 88' lang='lat' dir='ltr'>imitandum</span> <span class='ocrx_word' id='word_1_38' title='bbox 842 619 920 644; x_wconf 91' lang='lat' dir='ltr'>non</span> <span class='ocrx_word' id='word_1_39' title='bbox 937 606 1086 656; x_wconf 89' lang='lat' dir='ltr'>optima</span> <span class='ocrx_word' id='word_1_40' title='bbox 1102 619 1279 656; x_wconf 88' lang='lat' dir='ltr'>quaeque</span> 
     </span>
     <span class='ocr_line' id='line_1_7' title="bbox 89 670 1280 722; baseline -0.001 -12"><span class='ocrx_word' id='word_1_41' title='bbox 89 684 316 722; x_wconf 85' lang='lat' dir='ltr'>proponere.</span> <span class='ocrx_word' id='word_1_42' title='bbox 375 670 443 709; x_wconf 90' lang='lat' dir='ltr'>sed</span> <span class='ocrx_word' id='word_1_43' title='bbox 473 676 528 716; x_wconf 90' lang='lat' dir='ltr'>tu,</span> <span class='ocrx_word' id='word_1_44' title='bbox 558 671 626 720; x_wconf 86' lang='lat' dir='ltr'>qui</span> <span class='ocrx_word' id='word_1_45' title='bbox 656 670 772 708; x_wconf 89' lang='lat' dir='ltr'>huius</span> <span class='ocrx_word' id='word_1_46' title='bbox 801 670 935 708; x_wconf 88' lang='lat' dir='ltr'>iudicii</span> <span class='ocrx_word' id='word_1_47' title='bbox 964 671 1189 715; x_wconf 81' lang='lat' dir='ltr'>meministi,</span> <span class='ocrx_word' id='word_1_48' title='bbox 1212 684 1280 709; x_wconf 86' lang='lat' dir='ltr'>cur</span> 
     </span>
     <span class='ocr_line' id='line_1_8' title="bbox 87 735 1277 786; baseline 0 -12"><span class='ocrx_word' id='word_1_49' title='bbox 87 736 191 774; x_wconf 85' lang='lat' dir='ltr'>illius</span> <span class='ocrx_word' id='word_1_50' title='bbox 211 736 357 774; x_wconf 87' lang='lat' dir='ltr'>oblitus</span> <span class='ocrx_word' id='word_1_51' title='bbox 378 748 418 773; x_wconf 89' lang='lat' dir='ltr'>es</span> <span class='ocrx_word' id='word_1_52' title='bbox 444 735 485 772; x_wconf 92' lang='lat' dir='ltr'>in</span> <span class='ocrx_word' id='word_1_53' title='bbox 511 748 589 785; x_wconf 84' lang='lat' dir='ltr'>quo</span> <span class='ocrx_word' id='word_1_54' title='bbox 616 748 677 773; x_wconf 87' lang='lat' dir='ltr'>me</span> <span class='ocrx_word' id='word_1_55' title='bbox 697 735 949 786; x_wconf 82' lang='lat' dir='ltr'>interrogasti</span> <span class='ocrx_word' id='word_1_56' title='bbox 975 735 1071 785; x_wconf 86' lang='lat' dir='ltr'>quid</span> <span class='ocrx_word' id='word_1_57' title='bbox 1099 735 1148 774; x_wconf 87' lang='lat' dir='ltr'>de</span> <span class='ocrx_word' id='word_1_58' title='bbox 1177 735 1277 774; x_wconf 89' lang='lat' dir='ltr'>Meti</span> 
     </span>
     <span class='ocr_line' id='line_1_9' title="bbox 87 799 1275 850; baseline -0.001 -11"><span class='ocrx_word' id='word_1_59' title='bbox 87 800 261 839; x_wconf 87' lang='lat' dir='ltr'>Modesti</span> <span class='ocrx_word' id='word_1_60' title='bbox 298 800 448 850; x_wconf 88' lang='lat' dir='ltr'>pietate</span> <span class='ocrx_word' id='word_1_61' title='bbox 487 799 726 837; x_wconf 68' lang='lat' dir='ltr'>sentirem‘l&#39;</span> <span class='ocrx_word' id='word_1_62' title='bbox 800 799 992 850; x_wconf 83' lang='lat' dir='ltr'>expalluit</span> <span class='ocrx_word' id='word_1_63' title='bbox 1036 799 1275 846; x_wconf 86' lang='lat' dir='ltr'>notabiliter,</span> 
     </span>
     <span class='ocr_line' id='line_1_10' title="bbox 85 863 1278 916; baseline 0 -13"><span class='ocrx_word' id='word_1_64' title='bbox 85 865 266 916; x_wconf 86' lang='lat' dir='ltr'>quamvis</span> <span class='ocrx_word' id='word_1_65' title='bbox 298 864 445 915; x_wconf 89' lang='lat' dir='ltr'>palleat</span> <span class='ocrx_word' id='word_1_66' title='bbox 478 877 643 914; x_wconf 77' lang='lat' dir='ltr'>semper,</span> <span class='ocrx_word' id='word_1_67' title='bbox 677 868 716 902; x_wconf 87' lang='lat' dir='ltr'>et</span> <span class='ocrx_word' id='word_1_68' title='bbox 746 863 1057 902; x_wconf 81' lang='lat' dir='ltr'>haesitabundus</span> <span class='ocrx_word' id='word_1_69' title='bbox 1090 864 1278 903; x_wconf 86' lang='lat' dir='ltr'>‘interro-</span> 
     </span>
     <span class='ocr_line' id='line_1_11' title="bbox 84 928 1276 981; baseline 0 -13"><span class='ocrx_word' id='word_1_70' title='bbox 84 931 185 981; x_wconf 76' lang='lat' dir='ltr'>gavi,</span> <span class='ocrx_word' id='word_1_71' title='bbox 214 942 293 968; x_wconf 89' lang='lat' dir='ltr'>non</span> <span class='ocrx_word' id='word_1_72' title='bbox 326 933 370 967; x_wconf 90' lang='lat' dir='ltr'>ut</span> <span class='ocrx_word' id='word_1_73' title='bbox 402 929 475 966; x_wconf 89' lang='lat' dir='ltr'>tibi</span> <span class='ocrx_word' id='word_1_74' title='bbox 508 942 700 974; x_wconf 89' lang='lat' dir='ltr'>nocerem,</span> <span class='ocrx_word' id='word_1_75' title='bbox 732 928 799 966; x_wconf 88' lang='lat' dir='ltr'>sed</span> <span class='ocrx_word' id='word_1_76' title='bbox 834 934 878 966; x_wconf 87' lang='lat' dir='ltr'>ut</span> <span class='ocrx_word' id='word_1_77' title='bbox 912 928 1120 966; x_wconf 89' lang='lat' dir='ltr'>Modest0.&#39;</span> <span class='ocrx_word' id='word_1_78' title='bbox 1186 929 1276 968; x_wconf 78' lang='lat' dir='ltr'>vide</span> 
     </span>
     <span class='ocr_line' id='line_1_12' title="bbox 84 993 1275 1043; baseline 0 -10"><span class='ocrx_word' id='word_1_79' title='bbox 84 994 256 1033; x_wconf 91' lang='lat' dir='ltr'>hominis</span> <span class='ocrx_word' id='word_1_80' title='bbox 295 993 582 1037; x_wconf 79' lang='lat' dir='ltr'>crudelitatem,</span> <span class='ocrx_word' id='word_1_81' title='bbox 615 994 681 1043; x_wconf 89' lang='lat' dir='ltr'>qui</span> <span class='ocrx_word' id='word_1_82' title='bbox 720 1006 760 1031; x_wconf 88' lang='lat' dir='ltr'>se</span> <span class='ocrx_word' id='word_1_83' title='bbox 797 1006 878 1031; x_wconf 88' lang='lat' dir='ltr'>non</span> <span class='ocrx_word' id='word_1_84' title='bbox 911 993 1132 1032; x_wconf 85' lang='lat' dir='ltr'>dissimulet</span> <span class='ocrx_word' id='word_1_85' title='bbox 1170 995 1275 1033; x_wconf 83' lang='lat' dir='ltr'>exuli</span> 
     </span>
     <span class='ocr_line' id='line_1_13' title="bbox 83 1058 1333 1110; baseline -0.002 -12"><span class='ocrx_word' id='word_1_86' title='bbox 83 1072 222 1098; x_wconf 88' lang='lat' dir='ltr'>nocere</span> <span class='ocrx_word' id='word_1_87' title='bbox 251 1058 431 1096; x_wconf 87' lang='lat' dir='ltr'>voluisse.</span> <span class='ocrx_word' id='word_1_88' title='bbox 491 1058 697 1095; x_wconf 81' lang='lat' dir='ltr'>subiunxit</span> <span class='ocrx_word' id='word_1_89' title='bbox 717 1058 913 1108; x_wconf 82' lang='lat' dir='ltr'>egregiam</span> <span class='ocrx_word' id='word_1_90' title='bbox 934 1071 1108 1096; x_wconf 85' lang='lat' dir='ltr'>causam:</span> <span class='ocrx_word' id='word_1_91' title='bbox 1145 1059 1276 1110; x_wconf 91' lang='lat' dir='ltr'>‘scrip-</span> <span class='ocrx_word' id='word_1_92' title='bbox 1295 1067 1333 1096; x_wconf 84' lang='lat'>14</span> 
     </span>
     <span class='ocr_line' id='line_1_14' title="bbox 83 1122 1276 1173; baseline -0.001 -11"><span class='ocrx_word' id='word_1_93' title='bbox 83 1125 154 1162; x_wconf 86' lang='lat' dir='ltr'>sit&#39;</span> <span class='ocrx_word' id='word_1_94' title='bbox 184 1123 314 1173; x_wconf 89' lang='lat' dir='ltr'>inquit</span> <span class='ocrx_word' id='word_1_95' title='bbox 347 1123 412 1160; x_wconf 91' lang='lat' dir='ltr'>‘in</span> <span class='ocrx_word' id='word_1_96' title='bbox 447 1122 615 1172; x_wconf 85' lang='lat' dir='ltr'>epistula</span> <span class='ocrx_word' id='word_1_97' title='bbox 646 1122 827 1172; x_wconf 83' lang='lat' dir='ltr'>quadam,</span> <span class='ocrx_word' id='word_1_98' title='bbox 863 1136 961 1173; x_wconf 84' lang='lat' dir='ltr'>quae</span> <span class='ocrx_word' id='word_1_99' title='bbox 1000 1123 1104 1173; x_wconf 88' lang='lat' dir='ltr'>apud</span> <span class='ocrx_word' id='word_1_100' title='bbox 1142 1123 1276 1161; x_wconf 88' lang='lat' dir='ltr'>Domi-</span> 
     </span>
     <span class='ocr_line' id='line_1_15' title="bbox 82 1187 1274 1238; baseline -0.001 -11"><span class='ocrx_word' id='word_1_101' title='bbox 82 1190 236 1227; x_wconf 85' lang='lat' dir='ltr'>tianum</span> <span class='ocrx_word' id='word_1_102' title='bbox 282 1187 447 1225; x_wconf 84' lang='lat' dir='ltr'>recitata</span> <span class='ocrx_word' id='word_1_103' title='bbox 494 1192 564 1233; x_wconf 84' lang='lat' dir='ltr'>est,</span> <span class='ocrx_word' id='word_1_104' title='bbox 616 1187 824 1237; x_wconf 79' lang='lat' dir='ltr'>‘Regulus,</span> <span class='ocrx_word' id='word_1_105' title='bbox 864 1187 1041 1225; x_wconf 84' lang='lat' dir='ltr'>omnium</span> <span class='ocrx_word' id='word_1_106' title='bbox 1085 1187 1274 1238; x_wconf 87' lang='lat' dir='ltr'>bipedum</span> 
     </span>
     <span class='ocr_line' id='line_1_16' title="bbox 82 1251 1273 1303; baseline -0.001 -12"><span class='ocrx_word' id='word_1_107' title='bbox 82 1252 392 1303; x_wconf 80' lang='lat' dir='ltr'>nequissimus&#39;3</span> <span class='ocrx_word' id='word_1_108' title='bbox 448 1251 554 1301; x_wconf 85' lang='lat' dir='ltr'>quod</span> <span class='ocrx_word' id='word_1_109' title='bbox 601 1251 762 1302; x_wconf 86' lang='lat' dir='ltr'>quidem</span> <span class='ocrx_word' id='word_1_110' title='bbox 817 1252 1027 1290; x_wconf 87' lang='lat' dir='ltr'>Modestus</span> <span class='ocrx_word' id='word_1_111' title='bbox 1073 1252 1273 1291; x_wconf 88' lang='lat' dir='ltr'>verissime</span> 
     </span>
     <span class='ocr_line' id='line_1_17' title="bbox 81 1316 1331 1368; baseline -0.001 -13"><span class='ocrx_word' id='word_1_112' title='bbox 81 1317 302 1368; x_wconf 84' lang='lat' dir='ltr'>scripserat.</span> <span class='ocrx_word' id='word_1_113' title='bbox 389 1316 451 1353; x_wconf 91' lang='lat' dir='ltr'>hic</span> <span class='ocrx_word' id='word_1_114' title='bbox 507 1316 587 1354; x_wconf 88' lang='lat' dir='ltr'>fere</span> <span class='ocrx_word' id='word_1_115' title='bbox 643 1316 756 1354; x_wconf 89' lang='lat' dir='ltr'>nobis</span> <span class='ocrx_word' id='word_1_116' title='bbox 817 1317 1008 1355; x_wconf 87' lang='lat' dir='ltr'>sermonis</span> <span class='ocrx_word' id='word_1_117' title='bbox 1067 1318 1268 1356; x_wconf 87' lang='lat' dir='ltr'>terminus.</span> <span class='ocrx_word' id='word_1_118' title='bbox 1293 1325 1331 1355; x_wconf 83' lang='lat'>15</span> 
     </span>
     <span class='ocr_line' id='line_1_18' title="bbox 81 1379 1272 1430; baseline 0.001 -12"><span class='ocrx_word' id='word_1_119' title='bbox 81 1393 208 1430; x_wconf 86' lang='lat' dir='ltr'>neque</span> <span class='ocrx_word' id='word_1_120' title='bbox 243 1379 348 1418; x_wconf 89' lang='lat' dir='ltr'>enim</span> <span class='ocrx_word' id='word_1_121' title='bbox 380 1379 490 1417; x_wconf 85' lang='lat' dir='ltr'>volui</span> <span class='ocrx_word' id='word_1_122' title='bbox 523 1379 707 1430; x_wconf 88' lang='lat' dir='ltr'>progredi</span> <span class='ocrx_word' id='word_1_123' title='bbox 739 1380 905 1430; x_wconf 82' lang='lat' dir='ltr'>longius,</span> <span class='ocrx_word' id='word_1_124' title='bbox 940 1386 985 1418; x_wconf 90' lang='lat' dir='ltr'>ut</span> <span class='ocrx_word' id='word_1_125' title='bbox 1015 1381 1111 1419; x_wconf 86' lang='lat' dir='ltr'>mihi</span> <span class='ocrx_word' id='word_1_126' title='bbox 1140 1383 1272 1420; x_wconf 85' lang='lat' dir='ltr'>omnia</span> 
     </span>
     <span class='ocr_line' id='line_1_19' title="bbox 81 1444 1270 1489; baseline 0.003 -7"><span class='ocrx_word' id='word_1_127' title='bbox 81 1445 203 1483; x_wconf 86' lang='lat' dir='ltr'>libera</span> <span class='ocrx_word' id='word_1_128' title='bbox 250 1457 458 1489; x_wconf 86' lang='lat' dir='ltr'>servarem,</span> <span class='ocrx_word' id='word_1_129' title='bbox 499 1444 595 1481; x_wconf 90' lang='lat' dir='ltr'>dum</span> <span class='ocrx_word' id='word_1_130' title='bbox 641 1444 844 1483; x_wconf 88' lang='lat' dir='ltr'>Mauricus</span> <span class='ocrx_word' id='word_1_131' title='bbox 890 1446 1009 1483; x_wconf 89' lang='lat' dir='ltr'>venit.</span> <span class='ocrx_word' id='word_1_132' title='bbox 1097 1459 1168 1484; x_wconf 84' lang='lat' dir='ltr'>neo</span> <span class='ocrx_word' id='word_1_133' title='bbox 1209 1460 1270 1485; x_wconf 89' lang='lat' dir='ltr'>me</span> 
     </span>
     <span class='ocr_line' id='line_1_20' title="bbox 80 1508 1270 1560; baseline 0.002 -13"><span class='ocrx_word' id='word_1_134' title='bbox 80 1509 270 1560; x_wconf 87' lang='lat' dir='ltr'>praeterit</span> <span class='ocrx_word' id='word_1_135' title='bbox 317 1522 399 1547; x_wconf 84' lang='lat' dir='ltr'>esse</span> <span class='ocrx_word' id='word_1_136' title='bbox 446 1508 643 1559; x_wconf 81' lang='lat' dir='ltr'>Regulum</span> <span class='ocrx_word' id='word_1_137' title='bbox 690 1509 1008 1559; x_wconf 71' lang='grc' dir='ltr'>δυσκαθαίρετονῑ</span> <span class='ocrx_word' id='word_1_138' title='bbox 1061 1516 1120 1548; x_wconf 88' lang='lat' dir='ltr'>est</span> <span class='ocrx_word' id='word_1_139' title='bbox 1166 1512 1270 1549; x_wconf 88' lang='lat' dir='ltr'>enim</span> 
     </span>
     <span class='ocr_line' id='line_1_21' title="bbox 80 1573 1272 1626; baseline 0.002 -14"><span class='ocrx_word' id='word_1_140' title='bbox 80 1573 252 1624; x_wconf 88' lang='lat' dir='ltr'>locuples</span> <span class='ocrx_word' id='word_1_141' title='bbox 281 1573 477 1618; x_wconf 85' lang='lat' dir='ltr'>factiosus,</span> <span class='ocrx_word' id='word_1_142' title='bbox 512 1578 670 1611; x_wconf 87' lang='lat' dir='ltr'>curatur</span> <span class='ocrx_word' id='word_1_143' title='bbox 698 1587 720 1611; x_wconf 85' lang='lat' dir='ltr'>a</span> <span class='ocrx_word' id='word_1_144' title='bbox 749 1574 896 1621; x_wconf 87' lang='lat' dir='ltr'>multis,</span> <span class='ocrx_word' id='word_1_145' title='bbox 928 1575 1091 1612; x_wconf 86' lang='lat' dir='ltr'>timetur</span> <span class='ocrx_word' id='word_1_146' title='bbox 1119 1589 1140 1613; x_wconf 87' lang='lat' dir='ltr'>a</span> <span class='ocrx_word' id='word_1_147' title='bbox 1168 1576 1272 1626; x_wconf 90' lang='lat' dir='ltr'>plur-</span> 
     </span>
     <span class='ocr_line' id='line_1_22' title="bbox 78 1637 1270 1690; baseline 0.003 -14"><span class='ocrx_word' id='word_1_148' title='bbox 78 1639 177 1684; x_wconf 88' lang='lat' dir='ltr'>ibus,</span> <span class='ocrx_word' id='word_1_149' title='bbox 217 1637 323 1688; x_wconf 89' lang='lat' dir='ltr'>quod</span> <span class='ocrx_word' id='word_1_150' title='bbox 370 1637 601 1687; x_wconf 84' lang='lat' dir='ltr'>plerumque</span> <span class='ocrx_word' id='word_1_151' title='bbox 647 1638 788 1676; x_wconf 88' lang='lat' dir='ltr'>fortius</span> <span class='ocrx_word' id='word_1_152' title='bbox 826 1652 956 1677; x_wconf 88' lang='lat' dir='ltr'>amore</span> <span class='ocrx_word' id='word_1_153' title='bbox 995 1644 1063 1677; x_wconf 88' lang='lat' dir='ltr'>est.</span> <span class='ocrx_word' id='word_1_154' title='bbox 1140 1646 1270 1690; x_wconf 84' lang='lat' dir='ltr'>potest</span> 
     </span>
     <span class='ocr_line' id='line_1_23' title="bbox 79 1701 1328 1755; baseline 0.005 -16"><span class='ocrx_word' id='word_1_155' title='bbox 79 1709 211 1740; x_wconf 89' lang='lat' dir='ltr'>tamen</span> <span class='ocrx_word' id='word_1_156' title='bbox 241 1702 325 1740; x_wconf 93' lang='lat' dir='ltr'>fieri</span> <span class='ocrx_word' id='word_1_157' title='bbox 353 1706 399 1739; x_wconf 91' lang='lat' dir='ltr'>ut</span> <span class='ocrx_word' id='word_1_158' title='bbox 422 1701 517 1740; x_wconf 84' lang='lat' dir='ltr'>haec</span> <span class='ocrx_word' id='word_1_159' title='bbox 547 1715 732 1740; x_wconf 87' lang='lat' dir='ltr'>concussa</span> <span class='ocrx_word' id='word_1_160' title='bbox 760 1702 954 1741; x_wconf 86' lang='lat' dir='ltr'>labantur.</span> <span class='ocrx_word' id='word_1_161' title='bbox 1024 1717 1115 1742; x_wconf 83' lang='lat' dir='ltr'>nam</span> <span class='ocrx_word' id='word_1_162' title='bbox 1143 1706 1270 1755; x_wconf 83' lang='lat' dir='ltr'>gratia</span> <span class='ocrx_word' id='word_1_163' title='bbox 1290 1716 1328 1745; x_wconf 81' lang='grc'>16</span> 
     </span>
     <span class='ocr_line' id='line_1_24' title="bbox 77 1766 1269 1818; baseline 0.003 -13"><span class='ocrx_word' id='word_1_164' title='bbox 77 1766 270 1805; x_wconf 88' lang='lat' dir='ltr'>malorum</span> <span class='ocrx_word' id='word_1_165' title='bbox 289 1771 373 1804; x_wconf 89' lang='lat' dir='ltr'>tam</span> <span class='ocrx_word' id='word_1_166' title='bbox 396 1766 519 1804; x_wconf 88' lang='lat' dir='ltr'>infida</span> <span class='ocrx_word' id='word_1_167' title='bbox 545 1771 605 1804; x_wconf 89' lang='lat' dir='ltr'>est</span> <span class='ocrx_word' id='word_1_168' title='bbox 631 1780 749 1817; x_wconf 83' lang='lat' dir='ltr'>quam</span> <span class='ocrx_word' id='word_1_169' title='bbox 769 1767 856 1818; x_wconf 87' lang='lat' dir='ltr'>ipsi.</span> <span class='ocrx_word' id='word_1_170' title='bbox 925 1781 1074 1816; x_wconf 87' lang='lat' dir='ltr'>verum,</span> <span class='ocrx_word' id='word_1_171' title='bbox 1096 1776 1141 1807; x_wconf 92' lang='lat' dir='ltr'>ut</span> <span class='ocrx_word' id='word_1_172' title='bbox 1164 1770 1269 1808; x_wconf 88' lang='lat' dir='ltr'>idem</span> 
     </span>
     <span class='ocr_line' id='line_1_25' title="bbox 77 1830 1267 1884; baseline 0.003 -15"><span class='ocrx_word' id='word_1_173' title='bbox 77 1831 232 1881; x_wconf 88' lang='lat' dir='ltr'>saepius</span> <span class='ocrx_word' id='word_1_174' title='bbox 261 1830 400 1876; x_wconf 86' lang='lat' dir='ltr'>dicam,</span> <span class='ocrx_word' id='word_1_175' title='bbox 438 1836 602 1881; x_wconf 84' lang='lat' dir='ltr'>expecto</span> <span class='ocrx_word' id='word_1_176' title='bbox 637 1831 870 1870; x_wconf 88' lang='lat' dir='ltr'>Mauricum.</span> <span class='ocrx_word' id='word_1_177' title='bbox 941 1833 1002 1870; x_wconf 87' lang='lat' dir='ltr'>vir</span> <span class='ocrx_word' id='word_1_178' title='bbox 1035 1838 1094 1871; x_wconf 88' lang='lat' dir='ltr'>est</span> <span class='ocrx_word' id='word_1_179' title='bbox 1126 1835 1267 1884; x_wconf 86' lang='lat' dir='ltr'>gravis,</span> 
     </span>
     <span class='ocr_line' id='line_1_26' title="bbox 77 1895 1270 1948; baseline 0.003 -15"><span class='ocrx_word' id='word_1_180' title='bbox 77 1895 262 1946; x_wconf 86' lang='lat' dir='ltr'>prudens,</span> <span class='ocrx_word' id='word_1_181' title='bbox 283 1895 420 1933; x_wconf 87' lang='lat' dir='ltr'>multis</span> <span class='ocrx_word' id='word_1_182' title='bbox 446 1896 726 1946; x_wconf 82' lang='lat' dir='ltr'>experimentis</span> <span class='ocrx_word' id='word_1_183' title='bbox 755 1896 945 1945; x_wconf 87' lang='lat' dir='ltr'>eruditus,</span> <span class='ocrx_word' id='word_1_184' title='bbox 971 1903 1011 1936; x_wconf 92' lang='lat' dir='ltr'>et</span> <span class='ocrx_word' id='word_1_185' title='bbox 1039 1898 1106 1948; x_wconf 88' lang='lat' dir='ltr'>qui</span> <span class='ocrx_word' id='word_1_186' title='bbox 1136 1899 1270 1937; x_wconf 90' lang='lat' dir='ltr'>futura</span> 
     </span>
     <span class='ocr_line' id='line_1_27' title="bbox 78 1959 1267 2012; baseline 0.003 -14"><span class='ocrx_word' id='word_1_187' title='bbox 78 1960 203 2009; x_wconf 87' lang='lat' dir='ltr'>possit</span> <span class='ocrx_word' id='word_1_188' title='bbox 233 1973 282 1998; x_wconf 87' lang='lat' dir='ltr'>ex</span> <span class='ocrx_word' id='word_1_189' title='bbox 312 1959 535 2010; x_wconf 89' lang='lat' dir='ltr'>praeteritis</span> <span class='ocrx_word' id='word_1_190' title='bbox 565 1960 784 2010; x_wconf 84' lang='lat' dir='ltr'>providere.</span> <span class='ocrx_word' id='word_1_191' title='bbox 852 1961 949 1999; x_wconf 86' lang='lat' dir='ltr'>mihi</span> <span class='ocrx_word' id='word_1_192' title='bbox 979 1967 1018 2000; x_wconf 89' lang='lat' dir='ltr'>et</span> <span class='ocrx_word' id='word_1_193' title='bbox 1046 1963 1267 2012; x_wconf 87' lang='lat' dir='ltr'>temptandi</span> 
     </span>
     <span class='ocr_line' id='line_1_28' title="bbox 78 2023 1264 2074; baseline 0.003 -13"><span class='ocrx_word' id='word_1_194' title='bbox 78 2024 228 2074; x_wconf 86' lang='lat' dir='ltr'>aliquid</span> <span class='ocrx_word' id='word_1_195' title='bbox 268 2030 308 2062; x_wconf 87' lang='lat' dir='ltr'>et</span> <span class='ocrx_word' id='word_1_196' title='bbox 345 2023 571 2074; x_wconf 89' lang='lat' dir='ltr'>quiescendi</span> <span class='ocrx_word' id='word_1_197' title='bbox 610 2024 678 2063; x_wconf 88' lang='lat' dir='ltr'>illo</span> <span class='ocrx_word' id='word_1_198' title='bbox 716 2030 874 2064; x_wconf 85' lang='lat' dir='ltr'>auctore</span> <span class='ocrx_word' id='word_1_199' title='bbox 913 2027 1014 2065; x_wconf 86' lang='lat' dir='ltr'>ratio</span> <span class='ocrx_word' id='word_1_200' title='bbox 1059 2028 1264 2066; x_wconf 82' lang='lat' dir='ltr'>constabit.</span> 
     </span>
     <span class='ocr_line' id='line_1_29' title="bbox 75 2088 1323 2142; baseline 0.004 -16"><span class='ocrx_word' id='word_1_201' title='bbox 75 2089 169 2126; x_wconf 85' lang='lat' dir='ltr'>haec</span> <span class='ocrx_word' id='word_1_202' title='bbox 209 2088 284 2127; x_wconf 90' lang='lat' dir='ltr'>tibi</span> <span class='ocrx_word' id='word_1_203' title='bbox 321 2089 467 2139; x_wconf 87' lang='lat' dir='ltr'>scripsi,</span> <span class='ocrx_word' id='word_1_204' title='bbox 504 2089 597 2139; x_wconf 88' lang='lat' dir='ltr'>quia</span> <span class='ocrx_word' id='word_1_205' title='bbox 630 2102 799 2139; x_wconf 88' lang='lat' dir='ltr'>aequum</span> <span class='ocrx_word' id='word_1_206' title='bbox 832 2096 916 2128; x_wconf 88' lang='lat' dir='ltr'>erat</span> <span class='ocrx_word' id='word_1_207' title='bbox 959 2097 998 2130; x_wconf 88' lang='lat' dir='ltr'>te</span> <span class='ocrx_word' id='word_1_208' title='bbox 1031 2105 1102 2142; x_wconf 92' lang='lat' dir='ltr'>pro</span> <span class='ocrx_word' id='word_1_209' title='bbox 1136 2105 1266 2130; x_wconf 76' lang='lat' dir='ltr'>amore</span> <span class='ocrx_word' id='word_1_210' title='bbox 1287 2101 1323 2135; x_wconf 90' lang='lat'>17</span> 
     </span>
    </p>
   </div>
  </div>
 </body>
</html>
